3150 4375
616 420 819 473 cneus-12.
837 419 861 479 s.
873 422 985 473 saca
1239 422 1282 487 25

309 594 353 659 ab
376 593 441 658 bao
462 595 595 658 ratione
618 592 839 675 dissentiunt,
872 614 1012 678 quorum
1040 611 1104 676 ego
1134 595 1280 659 auctori·

309 706 414 761 tatem
436 695 527 781 apud
548 716 609 760 vos
631 694 745 761 multis
768 693 853 760 locis
875 693 1225 779 plurimum-valuisse
1248 705 1281 759 et

310 798 423 862 valere
439 807 593 882 oportere
608 797 780 880 confiteor,
799 795 861 862 sed
877 798 912 860 in
927 797 992 862 bac
1007 818 1121 879 causa,
1144 798 1281 862 tametsi

310 901 524 983 cognoscetis
546 900 771 964 auctoritates
794 900 985 963 contrarias
1000 900 1151 962 virorum
1172 899 1281 964 fortis·

288 1003 468 1067 ssimorum
490 1011 524 1066 ct
546 1001 822 1083 clarissimorum,
843 1010 957 1065 tamen
980 1000 1113 1064 omissis
1134 999 1279 1064 auctori·

309 1103 437 1168 tatibus
460 1106 534 1188 ipsa
557 1127 593 1169 re
615 1125 657 1168 ac
679 1104 813 1168 ratione
836 1104 1012 1187 exquirere
1034 1123 1210 1187 possumus
1224 1122 1280 1165 ve·

309 1208 454 1287 ritatem,
484 1216 586 1290 atque
606 1206 671 1270 hoo
692 1204 839 1284 facilius,
869 1203 958 1288 quod
981 1226 1021 1269 ea
1044 1205 1166 1285 omnia,
1195 1224 1281 1288 quac

286 1330 331 1372 -a
352 1329 405 1371 me
427 1307 537 1371 adhuc
562 1306 654 1372 dicta
677 1320 767 1387 sunt,
797 1306 889 1371 idem
915 1307 973 1370 isti
1000 1328 1082 1371 vera
1105 1328 1180 1371 esse
1203 1327 1280 1373 oon·

309 1408 444 1492 cedunt,
467 1417 500 1473 et
522 1411 752 1474 necessarium
773 1408 898 1474 bellum
921 1430 994 1473 esse
1017 1417 1051 1473 et
1073 1429 1232 1491 magnum
1248 1417 1282 1474 et

277 1534 302 1573 ro
310 1512 344 1575 in
359 1532 425 1576 uno
441 1508 502 1575 (ln.
517 1512 675 1596 Pompeio
691 1533 820 1577 summa
836 1534 911 1577 esse
927 1512 1048 1576 omnia.
1072 1509 1162 1591 Quid
1177 1512 1282 1593 igitur
1289 1522 1314 1562 ⁶¹

309 1614 358 1678 ait
380 1612 606 1678 Hortensius?
628 1612 664 1678 Si
686 1616 746 1678 uni
769 1616 881 1678 omnia
902 1611 1084 1678 tribuenda
1106 1614 1184 1695 sint,
1209 1611 1280 1694 dig·

308 1716 483 1779 nissimum
516 1737 590 1780 esse
622 1715 826 1799 Pompeium,
861 1715 922 1782 sed
955 1714 1000 1779 ad
1033 1736 1135 1779 unum
1167 1722 1280 1778 tamen

310 1817 420 1882 omnia
454 1817 576 1882 deferri
606 1838 674 1880 non
703 1825 867 1901 oportere.
913 1814 1090 1881 Obsolevit
1118 1818 1186 1880 iam
1212 1817 1281 1880 ista

310 1920 427 2002 oratio,
451 1942 488 2008 re
510 1918 615 1984 multo
637 1921 747 2002 magis
764 1941 865 2004 quam
882 1918 996 1983 verbis
1013 1918 1171 1983 refutata.
1194 1917 1280 1982 Nam

276 2031 346 2085 utu
368 2021 466 2101 idem,
491 2019 532 2097 Q.
544 2020 715 2103 Hortensi,
738 2020 845 2085 multa
866 2042 926 2105 pro
949 2030 1009 2086 tua
1032 2042 1161 2085 summa
1183 2020 1281 2104 copia

309 2143 350 2185 ac
374 2120 540 2204 singulari
561 2120 724 2185 facultate
747 2121 882 2187 dicendi
905 2130 938 2187 et
962 2124 997 2187 in
1019 2133 1140 2188 senatu
1162 2130 1281 2188 contra

309 2226 416 2289 virum
449 2225 580 2306 fortem,
614 2223 655 2289 A.
685 2222 879 2307 Gabinium,
914 2225 1066 2308 graviter
1099 2224 1284 2309 ornateque

311 2326 439 2408 dixisti,
462 2350 538 2394 cum
554 2329 583 2393 is
599 2327 642 2392 (le
656 2350 722 2393 uno
739 2332 942 2414 imperatore
957 2337 1075 2394 contra
1093 2327 1281 2413 praedones

310 2430 544 2494 constituendo
567 2427 678 2512 legem
699 2429 956 2515 promulgasset,
991 2439 1024 2495 et
1052 2453 1095 2494 ex
1117 2430 1181 2494 hoc
1208 2432 1280 2515 ipso

275 2552 301 2592 ao
310 2531 383 2595 loco
399 2531 564 2615 permulta
580 2533 660 2596 item
683 2540 802 2595 contra
826 2554 899 2595 eam
914 2532 1024 2613 legem
1041 2531 1144 2595 verba
1160 2534 1281 2596 fecisti.

310 2630 428 2712 Quid?
464 2643 544 2716 tum,
577 2655 637 2718 per
666 2633 745 2699 deos
774 2633 990 2715 immortales,
1026 2633 1053 2696 si
1083 2631 1158 2718 plus
1192 2632 1314 2718 apuda

309 2734 466 2820 populum
480 2735 666 2799 Romanum
688 2735 877 2799 auotoritas
901 2744 960 2799 tua
983 2755 1082 2819 quam
1105 2735 1208 2817 ipsius
1225 2755 1280 2818 po·

309 2836 380 2921 puli
401 2836 543 2900 Romani
572 2835 664 2900 salus
688 2844 721 2900 et
745 2855 825 2901 vera
849 2857 953 2900 causa
975 2834 1149 2918 valuisset,
1182 2835 1281 2900 hodie

310 2938 396 3003 hanc
430 2937 572 3020 gloriam
606 2947 707 3023 atque
740 2937 803 3003 hoo
839 2937 929 3003 orbis
963 2947 1074 3002 terrae
1107 2939 1282 3022 imperium

275 3058 302 3099 2⁶
311 3040 523 3106 teneremus?
551 3040 606 3106 An
628 3041 693 3105 tibi
715 3049 787 3105 tum
811 3043 984 3127 imperium
1007 3040 1069 3106 hoo
1093 3062 1166 3105 esse
1189 3040 1281 3106 vide·

310 3143 420 3223 batur,
444 3163 519 3207 cum
540 3143 655 3228 populi
669 3143 813 3207 Romani
836 3143 951 3226 legati,
975 3149 1169 3227 quaestores
1185 3163 1281 3227 prae-

313 3256 466 3330 toresque
489 3244 721 3329 capiebantur,
751 3265 828 3311 cum
857 3267 900 3310 ex
923 3244 1074 3310 omnibus
1097 3245 1281 3329 provinciis

311 3355 499 3413 commeatu
520 3356 554 3411 et
569 3349 702 3432 privato
719 3356 751 3413 et
765 3347 901 3432 publico
917 3347 1185 3433 prohibebamur,
1208 3368 1250 3414 cu

313 3453 361 3514 ita
383 3449 501 3515 clausa
523 3449 621 3515 nobis
645 3460 741 3515 erant
765 3452 875 3516 maria
898 3451 1019 3533 omnia,
1042 3460 1079 3514 ut
1094 3451 1267 3536 nequep'

249 3572 251 3578 ’
279 3566 304 3604 ³⁰
313 3561 428 3617 vatam
442 3573 513 3627 rem
528 3554 790 3618 transmarinam
805 3575 913 3639 neque
924 3553 1094 3638 publicam
1108 3554 1175 3618 iam
1189 3553 1242 3619 ob'

314 3652 514 3738 possemus?
