3150 4375
310 428 351 493 23
564 425 615 475 na
633 422 786 475 murno
805 421 861 474 cn.
879 421 1025 473 Pomm.

310 600 419 664 minus
442 595 538 662 vobis
562 596 669 662 fretus
691 605 844 661 vestrum
865 596 917 659 ius
939 592 1205 679 beneficiumque
1228 594 1282 661 de·

309 700 456 784 fendam,
489 721 597 785 neque
629 707 764 785 praeter
798 698 1072 762 intercessionem
1106 699 1284 782 quicquam

311 802 457 885 audiam,
491 802 532 867 de
555 824 631 887 qua,
654 810 691 866 ut
714 799 872 881 arbitror,
895 800 953 864 isti
976 801 1052 885 ipsi,
1075 799 1133 884 qui
1154 800 1282 864 minan·

309 901 375 988 tur,
398 905 501 969 etiam
518 912 618 988 atque
641 904 753 984 etiam,
777 901 858 987 quid
873 897 986 979 liceat,
1010 901 1283 967 considerabunt.

309 1008 386 1072 Mea
409 1006 544 1092 quidem
560 1007 740 1088 sententia,
764 1005 926 1087 Quirites,
949 1027 1034 1070 unus
1056 1003 1098 1069 A.
1117 1002 1304 1069 Gabiniuss

309 1110 391 1175 belli
425 1110 585 1173 maritimi
619 1129 796 1191 rerumque
829 1115 1003 1190 gestarum
1037 1103 1097 1170 Cn.
1126 1105 1283 1190 Pompeio

312 1212 421 1277 socius
445 1210 662 1294 adscribitur,
689 1219 869 1296 propterea
892 1208 981 1295 quod
1002 1202 1090 1274 alter
1117 1209 1176 1273 uni
1199 1207 1283 1272 illud

309 1311 435 1379 bellum
452 1311 702 1397 suscipiendum
720 1312 844 1377 vestris
862 1310 1032 1394 suffragiis
1050 1309 1181 1393 detulit,
1197 1307 1284 1375 alter

312 1415 461 1481 delatum
485 1423 744 1500 susceptumque
767 1414 924 1478 confecit.

269 1510 302 1629 ²⁶2
411 1516 588 1602 Reliquum
611 1524 673 1598 est,
695 1523 732 1579 ut
755 1512 798 1577 de
821 1514 860 1594 Q.
884 1512 998 1577 Catuli
1020 1515 1226 1580 auctoritate
1249 1523 1318 1580 etro

311 1622 479 1685 sententia
509 1617 688 1684 dicendum
719 1638 793 1682 esso
821 1615 988 1682 videatur.
1034 1616 1100 1697 Qui
1134 1640 1210 1683 cum
1240 1641 1284 1684 ex

310 1723 406 1788 vobis
424 1731 608 1807 quaereret,
627 1723 656 1784 si
671 1721 707 1783 in
722 1741 788 1784 uno
805 1718 866 1785 On.
881 1719 1039 1804 Pompeio
1056 1721 1168 1785 omnia
1182 1742 1283 1805 pone·

310 1827 404 1908 retis,
427 1821 554 1908 siquid
577 1844 615 1887 eo
631 1822 760 1886 factum
775 1829 876 1903 esset,
899 1822 934 1885 in
958 1841 1023 1905 quo
1047 1843 1139 1907 spem
1162 1824 1282 1889 essetis

309 1925 470 2008 habituri,
503 1926 592 2010 cepit
623 1943 781 2005 magnum
811 1944 891 1987 suae
914 1924 1050 1988 virtutis
1073 1923 1219 1988 fructum
1243 1945 1283 1990 ac

311 2028 500 2110 dignitatis,
532 2047 607 2089 eum
632 2046 745 2090 omnes
768 2046 836 2089 una
858 2045 962 2110 prope
984 2046 1068 2090 voce
1091 2027 1125 2089 in
1149 2047 1187 2090 eo
1211 2028 1317 2112 ipsors

310 2150 370 2194 vos
393 2150 487 2215 spem
509 2126 685 2195 babituros
708 2149 783 2193 esse
807 2127 954 2194 dixistis.
977 2127 1112 2194 Etenim
1136 2129 1215 2195 talis
1232 2139 1284 2196 est

310 2234 373 2315 vir,
401 2230 555 2298 utnulla
577 2253 632 2296 ros
655 2239 753 2296 tanta
776 2231 822 2295 sit
844 2252 885 2294 ac
907 2240 978 2294 tam
1003 2230 1160 2313 difficilis,
1185 2253 1284 2316 quam

311 2335 367 2399 ille
394 2355 462 2397 non
491 2341 524 2396 et
548 2331 690 2396 consilio
719 2352 838 2414 regere
863 2340 895 2396 ct
918 2333 1116 2414 integritate
1139 2337 1226 2399 tueri
1251 2344 1284 2400 et

309 2437 435 2500 virtute
466 2433 631 2499 conficere
659 2435 777 2518 possit.
816 2432 884 2499 Sed
913 2435 948 2498 in
975 2434 1038 2500 hoc
1068 2437 1142 2520 ipso
1171 2437 1215 2503 ab
1244 2459 1283 2503 eo

310 2538 601 2603 vehementissime
624 2536 798 2620 dissentio,
833 2536 932 2622 quod,
964 2559 1027 2622 quo
1056 2541 1167 2603 minus
1190 2551 1318 2607 certato

312 2649 363 2705 est
385 2640 555 2704 hominum
583 2660 624 2704 ac
652 2640 761 2703 minus
792 2639 950 2704 diuturna
972 2641 1054 2721 vita,
1087 2640 1151 2707 boc
1174 2645 1283 2727 magis
1388 2637 1395 2651 ‘

310 2741 534 2827 respublica,
570 2740 648 2807 dum
675 2763 735 2826 per
758 2740 839 2806 deos
863 2742 1069 2807 immortales
1092 2742 1185 2827 licet,
1217 2746 1284 2810 frui

278 2843 410 2908 redebet
439 2843 559 2907 summi
581 2843 648 2906 viri
669 2843 742 2905 vita
766 2852 867 2927 atque
888 2844 1024 2907 virtute.
1062 2843 1107 2907 At
1131 2849 1219 2910 enim
1241 2869 1285 2911 ne
1332 2845 1335 2852 ’

311 2942 392 3029 quid
427 2943 507 3006 novi
543 2942 605 3006 fiat
642 2951 761 3006 contra
796 2943 950 3028 exempla
987 2953 1088 3029 atque
1125 2947 1283 3013 instituta

310 3047 482 3115 maiorum.
527 3046 602 3111 Non
637 3045 748 3111 dicam
781 3045 845 3111 hoc
874 3045 949 3111 loco
977 3048 1121 3113 maiores
1150 3059 1317 3120 nostrosss

313 3170 442 3233 semper
475 3151 509 3213 in
543 3170 628 3234 pace
661 3140 916 3233 consuetudini,
950 3151 985 3214 in
1018 3149 1107 3216 bello
1141 3153 1284 3219 utilitati

312 3251 473 3333 paruisse,
487 3273 616 3334 semper
628 3251 673 3316 ad
684 3273 789 3316 novos
805 3273 905 3318 casus
921 3261 1108 3339 temporum
1122 3276 1284 3321 novorum

312 3351 528 3417 consiliorum
543 3355 692 3418 rationes
709 3354 995 3438 accommodasse,
1007 3377 1074 3420 non
1092 3355 1201 3422 dicam
1218 3357 1283 3423 duo

312 3452 402 3519 bella
416 3456 575 3538 maxima,
596 3456 759 3521 Punicum
775 3464 877 3543 atque
892 3457 1127 3543 Hispaniense,
1150 3457 1194 3523 ab
1216 3480 1282 3524 uno
1332 3497 1338 3502 -

314 3559 514 3643 imperatore
543 3581 618 3623 esse
646 3559 802 3625 confecta
827 3559 977 3645 duasque
998 3560 1098 3625 urbes
1121 3564 1318 3645 potentis-a

315 3661 426 3745 simas,
461 3682 547 3745 quae
579 3660 656 3725 huic
685 3663 824 3748 imperio
853 3664 1000 3728 maxime
1027 3664 1282 3751 minitabantur,

272 3802 291 3913 t
