3150 4375
588 456 668 509 cnr.
688 458 797 507 12-13.
815 454 840 515 s.
853 458 963 509 rr-ao.
1223 460 1261 525 19

292 631 505 695 contentione
528 649 627 714 quam
651 630 724 713 ipsa
746 649 807 713 per
830 650 904 693 sese
920 630 1080 712 cognosci
1096 637 1198 715 atque
1215 630 1261 694 in·

291 730 407 816 tellegi
429 738 580 817 possunt.
604 730 711 810 Quem
733 731 821 795 enim
836 732 1072 817 imperatorem
1086 753 1260 817 possumus
1270 756 1294 798 u

291 833 358 899 ullo
380 835 416 898 in
438 854 576 897 numero
598 841 729 917 putare,
758 833 854 898 cuius
884 835 920 898 in
943 835 1095 899 exercitu
1116 834 1260 899 centuri·

292 943 368 1001 atus
390 944 536 1001 veneant
551 942 652 1020 atque
674 934 865 1000 venierint?
888 934 979 1016 Quid
993 936 1080 1001 hunc
1096 936 1260 1001 hominem

271 1058 449 1121 rmagnum
477 1046 536 1102 aut
559 1036 706 1122 amplum
729 1035 771 1102 de
793 1060 830 1102 re
853 1036 989 1122 publica
1012 1039 1172 1121 cogitare,
1207 1039 1261 1123 qui

291 1141 467 1226 pecuniam
489 1162 531 1204 ex
547 1140 679 1205 aerario
703 1139 932 1224 depromptam
956 1138 1000 1204 ad
1015 1138 1139 1205 bellum
1157 1140 1261 1205 admi-

291 1241 504 1308 nistrandum
541 1251 600 1305 aut
637 1249 774 1325 propter
811 1240 1032 1326 cupiditatem
1067 1242 1262 1326 provinciae

291 1343 550 1428 magistratibus
560 1343 714 1407 diviserit
727 1350 785 1407 aut
797 1352 935 1428 propter
950 1344 1131 1409 avaritiam
1137 1344 1263 1409 Romae

292 1450 327 1513 in
350 1454 492 1533 quaestu
514 1444 709 1530 reliquerit?
737 1445 862 1510 Vestra
884 1445 1146 1511 admurmuratio
1169 1445 1263 1529 facit,

260 1578 284 1619 ro
293 1550 450 1633 Quirites,
466 1557 503 1614 ut
521 1569 705 1632 agnoscere
721 1546 916 1631 videamini,
933 1549 990 1631 qui
1005 1547 1088 1614 haec
1103 1548 1262 1631 fecerint3

293 1673 354 1736 ego
389 1660 503 1716 autem
529 1651 664 1714 nomino
694 1651 877 1732 neminem,
911 1670 1014 1733 quare
1047 1651 1150 1715 irasci
1182 1651 1263 1716 mihi

292 1774 388 1818 nemo
403 1753 539 1837 poterit,
561 1752 628 1816 nisi
651 1753 708 1836 qui
730 1759 809 1815 ante
832 1750 874 1815 de
893 1771 929 1813 se
943 1750 1087 1816 voluerit
1103 1753 1263 1817 confiteri.

291 1857 411 1941 Itaque
428 1862 565 1940 propter
578 1854 665 1919 hanc
677 1854 860 1918 avaritiam
871 1853 1109 1936 imperatorum
1121 1862 1263 1938 quantas

293 1958 518 2039 calamitates,
552 1978 758 2042 quocumque
785 1964 925 2020 ventum
952 1955 1006 2038 sit,
1040 1958 1148 2021 nostri
1169 1980 1263 2022 exer·

261 2060 382 2125 ucitus
404 2059 525 2138 ferant,
550 2058 623 2139 quis
646 2056 804 2139 ignorat?
826 2057 966 2139 Itinera,
989 2078 1075 2142 quae
1089 2080 1149 2143 per
1162 2059 1299 2125 hoscesa

295 2180 401 2224 annos
435 2142 470 2223 in
499 2156 603 2224 Italia
635 2179 695 2243 per
721 2178 822 2242 agros
853 2167 955 2244 atque
985 2157 1108 2244 oppida
1142 2162 1265 2227 civium

294 2263 518 2328 Romanorum
544 2263 652 2326 nostri
681 2263 901 2346 imperatores
924 2263 1077 2344 fecerint,
1110 2263 1264 2329 recorda-

295 2367 394 2448 mini3
429 2373 501 2429 tum
528 2363 663 2428 facilius
693 2364 863 2446 statuetis,
897 2363 978 2448 quid
1012 2363 1102 2448 apud
1131 2374 1264 2430 exteras

294 2470 450 2533 nationes
468 2466 540 2530 fieri
557 2466 768 2529 existimetis.
791 2465 911 2530 Utrum
926 2465 1038 2549 plures
1054 2464 1265 2531 arbitramini

262 2593 287 2633 ιο
295 2593 355 2657 per
376 2569 477 2633 hosce
500 2588 606 2631 annos
629 2565 773 2632 militum
787 2575 975 2632 vestrorum
997 2571 1099 2632 armis
1122 2566 1265 2633 hostium

295 2672 396 2738 urbes
419 2693 464 2736 an
485 2669 635 2735 hibernis
660 2670 826 2734 sociorum
849 2670 1007 2735 civitates
1024 2692 1098 2734 esse
1114 2669 1267 2734 deletas?
1301 2735 1304 2744 ,

296 2776 411 2859 Neque
427 2774 515 2836 enim
528 2779 640 2856 potest
652 2772 837 2835 exercitum
849 2771 877 2834 is
891 2772 1064 2836 continere
1075 2772 1266 2858 imperator,

297 2878 355 2963 qui
383 2897 420 2941 se
448 2876 520 2959 ipse
548 2894 616 2937 non
644 2874 806 2955 continet,
839 2888 952 2958 neque¹
971 2895 1106 2939 severus
1130 2897 1203 2940 esse
1232 2875 1266 2940 in

296 2976 489 3059 iudicando,
513 2979 570 3063 qui
586 2975 672 3042 alios
695 2977 731 3041 in
753 2998 789 3040 sc
813 2998 949 3041 severos
966 2999 1040 3042 esse
1056 2977 1184 3044 iudices
1200 3001 1266 3042 non

263 3101 289 3143 rs
297 3080 380 3146 vult.
402 3079 469 3142 Hic
491 3081 651 3143 miramur
671 3078 759 3141 hunc
774 3076 941 3144 hominem
956 3087 1090 3146 tantum¹
1103 3079 1301 3146 excellerem

297 3183 429 3264 ceteris,
460 3183 554 3245 cuius
583 3181 731 3261 legiones
763 3180 812 3243 sic
841 3181 876 3244 in
901 3180 1017 3246 Asiam
1045 3184 1267 3267 pervenerint,

297 3294 334 3350 ut
357 3305 423 3348 non
447 3282 545 3347 modo
568 3303 686 3346 manus
709 3283 799 3346 tanti
822 3286 1000 3363 exercitus,
1024 3284 1085 3348 sed
1107 3307 1149 3349 ne
1167 3287 1267 3351 vesti·

298 3389 389 3471 gium
418 3384 553 3471 quidem
581 3385 737 3468 cuiquam
764 3395 888 3469 pacato
921 3387 1077 3450 nocuisse
1109 3386 1269 3452 dicatur?

297 3492 370 3555 Iam
391 3509 471 3552 vcro
494 3508 591 3572 quem
615 3487 659 3551 ad
681 3488 817 3553 modum
839 3486 960 3552 milites
976 3487 1162 3568 hibernent,
1187 3492 1268 3554 coti-

265 3593 354 3658 sodie
377 3611 545 3655 sermones
563 3610 602 3652 ac
619 3589 754 3652 litterae
770 3589 996 3674 perferuntur,
1019 3613 1085 3655 non
1100 3591 1208 3673 modo,
1232 3600 1268 3656 ut

300 3703 466 3780 sumptum
481 3692 585 3756 faciat
602 3692 636 3755 in
651 3691 800 3774 militem,
817 3693 941 3756 nemini
956 3693 1007 3755 vis
1024 3692 1184 3766 adfertur,
1208 3695 1268 3761 sed

1135 3815 1167 3858 2st
