3150 4375
319 483 359 548 16
570 483 619 532 DE
637 482 791 533 IMPERIO
810 482 866 533 GN.
885 482 1031 533 POMPEI.

315 653 454 740 losoque
469 663 683 739 premeretur,
707 654 750 717 ab
766 653 829 717 hoo
844 653 1015 719 ‘auxilium
1032 653 1172 717 absente
1188 674 1286 737 expe·

261 757 404 839 'ortivit
438 756 528 842 quod
549 756 674 821 bellum
698 758 952 839 exspectatione
982 758 1053 821 eius
1077 764 1287 822 attenuatum

200 864 204 876 ‘
316 867 418 944 atque
439 860 649 924 imminutum
673 867 734 941 est,
757 857 907 922 adventu
930 858 1099 923 sublatum
1123 880 1163 923 ao
1180 855 1287 943 sepul-

316 971 401 1044 tum3
424 972 528 1027 testes
544 983 632 1026 nuno
649 982 728 1026 vero
745 961 812 1025 iam
829 982 942 1025 omnes
960 982 1038 1024 orae
1057 970 1157 1044 atque
1174 980 1286 1023 omnes

317 1073 453 1128 exterae
477 1075 594 1147 gentes
618 1087 660 1131 ao
682 1066 849 1148 nationes,
880 1064 1022 1148 denique
1043 1064 1151 1127 maria
1175 1062 1308 1126 omnies

315 1187 390 1231 oum
411 1167 570 1232 universa
604 1175 675 1232 tum
708 1168 744 1232 in
779 1164 922 1251 singulis
951 1166 1018 1230 oris
1049 1185 1162 1228 omnes
1193 1165 1286 1228 sinus

316 1278 417 1355 atque
438 1278 565 1354 portus.

419 1370 503 1450 Quis
527 1373 615 1437 enim
637 1381 708 1437 toto
724 1373 812 1438 mari
834 1372 928 1438 loeus
951 1395 1011 1458 per
1025 1372 1087 1436 hos
1105 1392 1210 1435 annos
1227 1378 1286 1435 aut

315 1482 382 1538 tam
406 1474 537 1539 firmum
560 1475 678 1540 habuit
702 1475 916 1559 praesidium,
940 1484 976 1537 ut
993 1483 1087 1538 tutus
1105 1483 1203 1555 esset,
1228 1480 1286 1536 aut

316 1587 384 1641 tam
406 1576 470 1641 fuit
494 1576 641 1659 abditus,
663 1586 700 1640 ut
724 1575 870 1641 lateret?
908 1577 991 1657 Quis
1014 1576 1202 1657 navigavit,
1231 1574 1321 1659 quiro

315 1701 380 1742 non
405 1701 440 1742 se
464 1688 522 1743 aut
545 1680 662 1743 mortis
686 1686 744 1744 aut
768 1678 942 1744 servitutis
965 1677 1113 1763 perioulo
1137 1678 1287 1743 oommit·

315 1788 410 1862 teret,
434 1801 509 1845 oum
532 1789 592 1846 aut
614 1780 722 1845 hieme
744 1788 804 1846 aut
828 1780 950 1863 referto
974 1780 1179 1862 praedonum
1201 1779 1287 1843 mari

315 1882 516 1966 navigaret?
552 1884 627 1949 Hoo
654 1892 785 1949 tantum
815 1882 949 1963 bellum,
983 1892 1052 1947 tam
1076 1893 1182 1968 turpe,
1216 1890 1286 1947 tam

315 1994 421 2065 vetus,
445 1993 516 2049 tam
531 1985 599 2048 late
624 1983 769 2049 divisum
793 1992 895 2070 atque
919 1984 1104 2069 dispersum
1127 1987 1200 2071 quis
1219 2007 1286 2050 um·

316 2109 415 2173 quam
438 2086 661 2152 arbitraretur
689 2095 747 2150 aut
776 2086 820 2152 ab
852 2087 1004 2153 omnibus
1028 2088 1321 2173 imperatoribusro

315 2214 380 2257 uno
410 2214 498 2256 anno
528 2202 587 2256 aut
615 2191 768 2256 omnibus
798 2192 897 2254 annis
926 2191 969 2254 ab
997 2213 1062 2253 uno
1087 2193 1286 2276 imperatore

281 2295 434 2358 uuonfioi
457 2293 579 2376 posse?
603 2293 711 2372 Quam
734 2294 944 2376 provinciam
967 2295 1124 2358 tenuistis
1148 2316 1169 2357 a
1190 2315 1285 2378 prae·

316 2395 457 2460 donibus
480 2393 623 2458 liberam
650 2416 710 2479 per
730 2394 832 2459 hosoe
856 2393 985 2458 annos?
1019 2395 1108 2480 quod
1135 2395 1285 2478 vectigal

315 2498 409 2562 vobis
433 2505 541 2561 tutum
563 2496 651 2562 fuit?
691 2519 788 2582 quem
817 2499 943 2562 sooium
972 2495 1194 2562 defendistis?
1231 2498 1285 2562 oui

316 2599 482 2684 praesidio
512 2599 680 2664 elassibus
710 2601 833 2664 vestris
861 2598 996 2663 fuistis?
1033 2621 1132 2684 quam
1160 2602 1318 2665 multasse

316 2702 518 2765 existimatis
542 2700 670 2767 insulas
688 2723 761 2766 esse
785 2700 948 2784 desertas,
972 2722 1071 2787 qnam
1085 2702 1209 2768 multas
1226 2712 1285 2767 aut

316 2811 404 2866 metu
426 2801 565 2866 relictas
582 2812 641 2867 aut
666 2827 687 2868 a
708 2802 936 2887 praedonibus
960 2813 1078 2888 captas
1094 2804 1194 2869 urbes
1212 2827 1285 2869 esse

314 2904 506 2968 sociorum?

275 3042 305 3097 η
417 3005 485 3071 Sed
513 3007 594 3092 quid
623 3028 685 3090 ego
712 3007 898 3093 longinqua
926 3008 1169 3073 commemoro?
1204 3009 1285 3074 Fuit

314 3109 376 3175 hoo
400 3107 578 3195 quondam,
600 3108 663 3173 fuit
685 3110 855 3195 proprium
876 3109 989 3196 populi
1009 3110 1162 3195 Romani,
1185 3111 1319 3196 longera

315 3211 449 3277 adorno
471 3210 602 3276 bellare
624 3220 657 3275 et
680 3211 942 3296 propugnaculis
966 3214 1095 3298 imperii
1119 3216 1285 3279 sociorum

314 3317 477 3397 fortunas,
500 3336 568 3378 non
592 3337 652 3379 sua
676 3322 767 3381 tecta
792 3315 980 3380 defendere.
1010 3314 1118 3380 Sooiis
1142 3338 1203 3399 ego
1226 3337 1281 3379 no·

316 3420 394 3483 stris
409 3439 501 3482 mare
516 3439 577 3501 per
591 3417 652 3482 hos
669 3439 774 3482 annos
791 3417 942 3484 clausum
957 3418 1060 3483 fuisse
1077 3417 1197 3500 dicam,
1210 3441 1284 3483 oum

316 3523 483 3586 exereitus
506 3521 612 3584 vestri
633 3542 812 3606 numquam
842 3543 863 3586 a
886 3520 1066 3585 Brundisio
1088 3520 1155 3584 nisi
1177 3521 1285 3585 hieme

316 3646 442 3688 summa
465 3622 735 3688 transmiserint?
758 3624 824 3704 Qui
847 3622 973 3688 advos
998 3622 1040 3686 ab
1057 3625 1183 3688 exteris
1198 3623 1320 3689 nati-ao

316 3726 434 3792 onibus
458 3727 623 3808 venirent,
646 3735 763 3809 captos
788 3747 918 3811 querar,
949 3747 1022 3790 oum
1045 3725 1151 3808 legati
1173 3724 1284 3811 populi
