3150 4375
648 451 726 506 111.
745 450 813 509 11.
832 452 942 501 11-11.
1240 448 1279 511 13

306 626 472 706 secundis,
510 632 624 688 tamen
653 625 757 687 nimia
788 622 1037 708 longinquitate
1066 620 1214 686 locorum
1239 642 1279 685 ac

309 727 476 792 desiderio
502 747 636 790 suorum
659 724 942 790 commovebatur.
987 723 1053 788 Hic
1084 725 1153 789 iam
1181 722 1312 809 plurari

305 849 372 894 non
405 828 532 909 dicam,
564 827 630 891 luit
653 829 740 891 enim
763 825 848 891 illud
871 836 1066 908 extremum,
1099 836 1138 891 ut
1165 848 1208 891 ex
1236 826 1277 890 iis

307 932 391 996 locis
426 954 447 995 a
475 928 639 994 militibus
669 931 795 994 nostris
826 928 956 993 reditus
989 930 1099 1011 magis
1127 938 1277 994 maturus

285 1056 408 1120 squam
434 1036 603 1119 processio
635 1033 768 1116 longior
790 1041 1019 1118 quaereretur.
1064 1031 1279 1096 Mithridates

307 1145 419 1202 autem
443 1146 477 1200 et
500 1158 595 1201 suam
617 1158 753 1199 manum
774 1135 842 1198 iam
858 1136 1083 1218 confirmarat,
1108 1142 1279 1215 eteorum,

308 1242 363 1323 qui
398 1262 434 1304 se
469 1261 512 1303 ex
546 1240 650 1322 ipsius
685 1257 790 1320 regno
825 1236 1045 1319 collegerant,
1080 1248 1113 1302 et
1147 1240 1278 1320 magnis

308 1340 511 1405 adventiciis
541 1338 679 1404 auxiliis
702 1338 882 1404 multorum
910 1361 1027 1424 regum
1051 1347 1083 1404 et
1105 1341 1278 1404 nationum

308 1442 498 1508 iurabatur.
520 1441 607 1506 Nam
622 1440 686 1506 hoc
701 1442 772 1506 fere
796 1433 846 1507 sic
868 1443 940 1507 fieri
957 1441 1064 1506 solere
1079 1444 1278 1526 accepimus,

275 1554 345 1610 mut
388 1565 504 1628 regum
549 1543 707 1609 adflictae
752 1544 907 1608 fortunae
955 1543 1058 1610 facile
1100 1544 1279 1608 multorum

309 1669 390 1731 opes
436 1646 602 1711 adliciant
648 1646 693 1711 ad
736 1647 1019 1729 misericordiam,
1068 1648 1280 1730 maximeque

308 1770 431 1830 eorum,
455 1749 513 1833 qui
534 1756 594 1811 aut
617 1767 714 1830 reges
738 1757 815 1811 sunt
840 1757 897 1811 aut
913 1750 1033 1814 vivunt
1054 1750 1090 1812 in
1105 1769 1220 1831 regno,
1243 1756 1280 1811 ut

308 1852 349 1914 iis
380 1872 499 1914 nomen
526 1847 642 1932 regale
668 1868 828 1932 magnum
851 1857 883 1912 ct
908 1858 1062 1914 sanctum
1088 1872 1163 1914 esse
1189 1849 1279 1914 vide·

309 1961 395 2018 atur.
418 1954 538 2037 Itaque
553 1960 684 2016 tantum
699 1953 811 2018 victus
829 1952 960 2017 efficere
975 1954 1096 2037 potuit,
1119 1961 1280 2037 quantum
1288 1982 1313 2023 11

276 2054 484 2121 uinoolumis
512 2075 693 2136 numquam
723 2062 773 2117 est
797 2076 899 2118 ausus
924 2064 1050 2138 optare.
1095 2056 1280 2121 Nemeum

310 2176 346 2220 se
368 2156 402 2219 in
426 2175 567 2239 regnum
589 2176 684 2220 suum
707 2156 901 2240 recepisset,
934 2178 1001 2221 non
1035 2157 1099 2221 fuit
1133 2179 1170 2222 eo
1201 2179 1279 2222 con-

308 2266 432 2341 tentus,
463 2257 551 2343 quod
575 2259 605 2322 ei
628 2265 763 2342 praeter
786 2280 878 2342 spem
900 2259 1084 2342 acciderat,
1117 2268 1154 2324 ut
1177 2259 1281 2342 illam,

308 2370 526 2445 posteaquam
541 2360 657 2446 pulsus
674 2369 757 2442 erat,
772 2369 899 2426 terram
913 2384 1069 2448 umquam
1085 2365 1280 2446 attingeret,

309 2462 369 2526 sed
392 2464 426 2525 in
450 2464 634 2525 exercitum
656 2470 808 2526 nostrum
831 2463 958 2528 clarum
993 2474 1095 2548 atque
1117 2465 1280 2530 victorem

274 2567 467 2649 coimpetum
500 2563 590 2628 fecit.
636 2561 745 2628 Sinite
778 2563 842 2630 hoc
875 2563 960 2647 loco,
1000 2563 1158 2648 Quirites,
1194 2568 1280 2631 sicut

308 2675 428 2752 poetae
451 2664 570 2746 solent,
594 2666 650 2748 qui
665 2686 718 2730 res
733 2665 903 2730 Romanas
920 2667 1082 2750 scribunt,
1097 2669 1280 2752 praeterire

309 2791 361 2833 me
384 2775 535 2832 nostram
558 2766 799 2849 calamitatem,
822 2789 908 2852 quae
931 2777 1029 2833 tanta
1051 2770 1125 2851 fuit,
1148 2779 1186 2834 ut
1207 2791 1280 2834 eam

310 2870 355 2935 ad
377 2891 474 2934 aures
498 2870 709 2954 imperatoris
738 2889 806 2933 non
830 2892 873 2934 ex
894 2871 1020 2956 proelio
1043 2873 1192 2957 nuntius,
1222 2873 1281 2937 sed

310 2996 352 3038 ex
375 2993 526 3037 sermone
548 2994 660 3037 rumor
681 2971 838 3037 adferret.
868 2973 934 3039 Hic
958 2977 993 3038 in
1016 2974 1074 3039 illo
1097 2978 1168 3061 ipso
1191 2976 1280 3041 malo
1288 3007 1314 3050 κ

274 3076 578 3159 aogravissimaque
614 3072 696 3138 belli
736 3074 918 3138 offensione
949 3074 991 3139 L.
1014 3076 1187 3160 Lucullus,
1224 3079 1281 3164 qui

309 3185 422 3240 tamen
445 3175 558 3261 aliqua
583 3185 744 3260 exparte
767 3177 809 3239 iis
834 3177 1052 3242 incommodis
1068 3178 1195 3243 mederi
1217 3180 1280 3244 for·

309 3286 402 3343 tasse
423 3279 598 3361 potuisset,
621 3285 733 3340 vestro
757 3279 850 3342 iussu
874 3287 1023 3362 coactus,
1047 3279 1136 3365 quod
1151 3283 1280 3366 imperii

312 3381 526 3446 diuturnitati
562 3380 697 3445 modum
732 3381 948 3447 statuendum
980 3393 1095 3449 vetere
1129 3384 1280 3470 exemplo

309 3485 501 3568 putavistis,
524 3494 655 3570 partem
669 3482 822 3567 militum,
847 3487 903 3570 qui
918 3487 986 3551 iam
1009 3486 1186 3572 stipendiis
1203 3510 1279 3553 con·

275 3586 391 3652 eofecti
409 3594 514 3667 erant,
539 3586 675 3667 dimisit,
698 3594 830 3669 partem
852 3586 907 3651 Μ’.
925 3587 1103 3654 Glabrioni
1126 3590 1279 3654 tradidit.

310 3687 418 3753 Multa
447 3697 620 3774 praetereo
649 3685 812 3769 consulto,
847 3690 907 3753 sed
936 3712 976 3755 ea
1005 3712 1065 3756 vos
1088 3694 1279 3757 coniectura
