3150 4375
573 439 653 490 cnr.
672 439 780 490 13-1s.
799 436 955 505 see-44.
1211 443 1252 509 21

283 615 356 681 Iam
379 609 539 698 quantum
562 609 714 693 consilio,
743 619 904 697 quantum
927 611 1063 678 dicendi
1086 615 1289 697 gravitatess
1380 698 1381 701 Ἴ

284 726 318 781 et
333 716 431 801 copia
445 713 571 795 valeat,
594 714 630 778 in
652 733 715 797 quo
731 712 804 797 ipso
821 714 909 779 inest
925 713 1089 800 quaedam
1107 716 1256 800 dignitas

284 817 510 903 imperatoria,
532 836 605 898 vos,
629 812 789 898 Quirites,
812 813 875 879 hoc
897 817 971 901 ipso
995 821 1037 881 e'x
1059 816 1133 883 loco
1157 842 1257 906 saepe

284 919 503 1004 cognovistis.
524 918 645 983 Fidem
660 939 740 983 vero
763 919 836 983 eius
859 927 1021 1004 quantam
1042 921 1131 986 inter
1146 921 1256 987 socios

263 1023 482 1102 ‘existimari‘
504 1021 644 1106 putatis,
681 1040 781 1106 quam
814 1020 928 1086 hostes
963 1043 1076 1087 omnes
1111 1024 1257 1088 omnium
1331 1034 1333 1037 ’

284 1120 443 1211 generum
457 1124 708 1190 sanctissimam
724 1122 933 1188 iudicarint?
955 1122 1177 1191 Humanitate
1189 1127 1257 1190 iam

283 1224 382 1295 tanta
405 1224 467 1310 est,
489 1236 527 1291 ut
544 1225 681 1291 difficile
704 1225 798 1290 dictu
814 1227 869 1309 sit,
891 1236 1003 1293 utrum
1018 1228 1132 1293 hostes
1146 1231 1256 1313 magis

283 1333 443 1396 virtutem
472 1330 543 1395 eius
571 1338 761 1415 pugnantes
789 1330 963 1395 timuerint
993 1353 1038 1396 an
1065 1340 1256 1396 mansuetu·

285 1432 395 1499 dinem
409 1432 493 1498 victi
511 1431 703 1497 dilexerint.
725 1430 770 1498 Et
789 1434 966 1519 quisquam
982 1432 1162 1517 dubitabit,
1178 1434 1271 1519 quin·

252 1535 360 1613 whnic
388 1534 451 1601 hoc
479 1544 611 1601 tantum
637 1533 764 1600 bellum
793 1535 1089 1602 transmittendum
1113 1538 1168 1619 sit,
1201 1538 1257 1621 qni

285 1636 330 1703 ad
346 1639 457 1704 omnia
472 1648 608 1703 nostrae
622 1639 803 1704 memoriae
815 1638 906 1704 bella
919 1637 1129 1704 conficienda
1142 1639 1257 1704 divino

284 1739 429 1826 quodem
451 1739 593 1805 consilio
616 1749 717 1805 natus
741 1763 816 1806 esse
838 1740 1020 1808 videatur?
1193 1745 1195 1752 ’

385 1842 430 1906 Et
446 1843 604 1927 quoniam
619 1844 857 1908 auctoritas
881 1846 1010 1928 quoque
1025 1844 1061 1907 in
1075 1842 1175 1908 bellis
1199 1841 1257 1908 ad·
1266 1828 1297 1945 ἐξ

283 1940 516 2011 ministrandis
532 1943 674 2009 multum
690 1946 791 2030 atque
803 1946 838 2008 in
851 1945 990 2030 imperio
1001 1943 1143 2009 militari
1153 1943 1257 2028 valet,

251 2056 377 2123 acesto
398 2048 525 2112 nemini
548 2044 685 2110 dubium
708 2055 770 2129 est,
794 2048 874 2130 quin
897 2067 937 2111 ea
959 2068 996 2111 re
1011 2046 1101 2111 idem
1123 2045 1181 2111 ille
1198 2048 1256 2111 im·

283 2158 421 2237 perator
443 2147 623 2234 plurimum
645 2148 763 2234 possit.
803 2147 1028 2213 Vehementer
1050 2157 1162 2214 autem
1183 2170 1257 2235 per·

284 2255 392 2319 tinere
415 2251 461 2316 ad
481 2250 574 2317 bella
597 2249 879 2334 administranda,
914 2250 997 2337 quid
1018 2250 1143 2336 hostes,
1177 2252 1258 2337 quid

285 2356 368 2422 socii
403 2354 444 2419 de
477 2353 737 2440 imperatoribus
774 2355 901 2419 nostris
940 2355 1145 2436 existiment,
1184 2356 1257 2440 quis

283 2460 430 2541 ignorat,
453 2476 529 2521 cum
552 2457 699 2522 sciamus
721 2455 871 2521 homines
894 2457 930 2520 in
953 2457 1058 2522 tantis
1081 2456 1191 2540 rebus,
1221 2466 1258 2523 ut

250 2566 343 2631 ,oaut
377 2567 594 2624 contemnant
627 2567 687 2623 aut
724 2567 893 2642 metuant,
931 2567 991 2625 aut
1029 2558 1162 2626 oderint
1199 2569 1256 2626 aut

285 2659 408 2743 ament,
437 2662 594 2745 opinione
622 2682 688 2725 non
711 2662 820 2725 minus
845 2669 879 2725 et
895 2660 992 2727 'fama
1021 2682 1121 2748 quam
1143 2661 1257 2748 aliqua

283 2765 417 2830 ratione
439 2772 534 2828 certa
557 2763 781 2828 commoveri?
805 2764 904 2844 Quod
927 2765 1032 2846 igitur
1054 2787 1175 2830 nomen
1190 2788 1257 2831 um·

284 2888 384 2952 quam
416 2865 452 2930 in
486 2865 567 2931 orbe
598 2876 764 2931 terrarum
794 2865 918 2931 clarius
948 2865 1042 2931 fuit?
1078 2868 1172 2932 ouius
1202 2889 1257 2934 res

283 2977 402 3053 gestae
417 2968 540 3052 pares?
563 2964 685 3052 dequo
704 2966 838 3033 homine
860 2990 932 3051 vos,¹
954 2968 990 3033 id
1006 2968 1096 3054 quod
1111 2971 1257 3035 maxime

250 3072 367 3138 refacit
389 3073 638 3153 auctoritatem,
660 3079 758 3135 tanta
782 3079 816 3134 et
838 3079 907 3134 tam
930 3069 1108 3154 praeclara
1130 3072 1256 3138 iudicia

283 3171 436 3238 fecistis?
473 3171 527 3236 An
555 3193 635 3237 vero
664 3171 769 3236 ullam
797 3193 939 3255 usquam
968 3192 1042 3235 esse
1066 3193 1157 3237 oram
1185 3182 1289 3239 tama

284 3275 454 3340 desertam
475 3276 615 3359 putatis,
645 3295 709 3359 quo
732 3296 800 3338 non
823 3272 913 3339 illius
938 3272 1005 3338 diei
1027 3274 1118 3338 fama
1140 3283 1256 3360 perva-

284 3378 376 3460 serit,
400 3398 475 3442 oum
497 3377 675 3440 universus
697 3375 837 3461 populus
854 3377 1023 3442 Romanus
1044 3377 1167 3442 referto
1183 3378 1254 3443 foro

283 3478 524 3564 completisque
547 3477 700 3543 omnibus
723 3477 869 3564 templis,
894 3478 1073 3563 exquibus
1091 3479 1254 3544 hiclocus

249 3582 434 3666 soconspioi
456 3590 579 3666 potest,
613 3603 714 3644 unum
745 3581 811 3644 sibi
842 3581 885 3644 ad
908 3602 1080 3646 commune
1111 3584 1254 3646 omnium

284 3685 433 3769 gentium
455 3682 580 3748 bellum
603 3681 662 3748 On.
679 3684 873 3767 Pompeium
897 3684 1133 3767 imperatorem
1157 3632 1335 3899 depo-t
