3150 4375
271 3734 280 3841 l

371 459 414 523 50

406 647 537 711 pugnavit
553 660 578 697 a.
595 647 639 696 82.
671 644 778 696 Deinde
804 645 833 697 in

407 729 537 793 Siciliam,
555 735 617 797 post
633 732 663 780 in
680 723 798 782 Africam
816 745 833 780 a

406 814 438 868 1..
465 814 542 866 Sulla
571 816 670 866 missus
702 816 832 881 reliquias

407 901 525 965 partium
544 900 738 961 Marianarum,
761 916 831 966 quae

407 999 439 1035 eo
482 985 666 1050 confugerant,
709 984 833 1036 celeriter

408 1070 549 1135 oppressit,
570 1086 598 1120 v.
616 1067 713 1123 Sicelis
735 1075 763 1121 et
780 1070 832 1134 Af·

408 1155 535 1208 ricanum
578 1154 685 1207 bellum.
728 1156 832 1217 Quibus

408 1240 488 1292 rebus
517 1242 600 1307 gestis
629 1257 647 1291 a
675 1240 759 1302 Sulla,
787 1242 834 1305 qui

408 1341 470 1376 eum
499 1331 556 1376 tum
585 1325 735 1391 appellarit
766 1324 833 1377 Ma·

405 1424 496 1478 qaum,
513 1410 675 1475 impetravit,
692 1414 723 1460 ut
739 1409 833 1459 trium·

407 1495 503 1559 pharet
529 1509 554 1543 a.
584 1495 618 1544 80
644 1509 729 1544 annos
755 1499 834 1544 natus

407 1578 503 1641 XXIV,
521 1580 660 1628 etiamtum
680 1593 763 1642 eques
780 1577 834 1627 Ro·

406 1678 516 1723 manus,
552 1678 612 1712 cum
647 1667 727 1713 antea
754 1678 833 1713 nemo

407 1747 607 1813 triumphasset,
632 1748 687 1798 nisi
710 1749 758 1815 qui
775 1747 833 1799 dic·

408 1838 492 1896 tator,
537 1834 646 1901 consul,
689 1839 833 1899 praetorve

408 1918 512 1970 fuisset
536 1946 572 1959 —
598 1934 624 1970 a.
650 1919 691 1981 78,
719 1919 751 1967 77
777 1933 833 1968 una

407 2018 469 2053 cum
485 2002 518 2065 Q.
530 2001 627 2053 Catulo
638 2003 675 2052 M.
686 2001 831 2054 Aemilium

406 2086 541 2153 Lepidum
551 2088 698 2151 superavit,
716 2103 742 2139 v.
754 2086 832 2140 cs'ut'lc

407 2170 512 2227 tellam.
529 2199 563 2214 ·-
575 2188 599 2226 a.
618 2174 650 2224 77
670 2191 752 2242 eques
770 2191 832 2226 cum

406 2259 519 2324 imperio
538 2259 724 2324 proconsulari
741 2262 771 2310 iu
782 2261 832 2310 Hi·

407 2344 530 2407 spauiam
566 2344 664 2394 missus
702 2344 830 2395 adversus

408 2427 555 2478 Sertorium
592 2429 708 2493 primum
748 2429 831 2479 dubio

407 2518 506 2566 cventu
530 2514 662 2579 pugnavit
686 2529 742 2565 una
770 2530 833 2566 cum

408 2600 439 2661 Q.
453 2598 563 2648 Metello
585 2599 644 2663 Pio,
662 2598 760 2650 deiude
772 2598 833 2650 Ser·

405 2685 474 2734 torio
485 2683 625 2735 interfecto
638 2699 663 2734 a.
675 2685 708 2734 72
720 2684 757 2735 Μ.
768 2684 833 2735 Per·

406 2783 518 2833 pernam
544 2768 693 2834 superavit,
729 2767 832 2819 bellum

407 2851 529 2914 confecit,
550 2853 713 2918 Hispaniam
730 2855 833 2919 recepit

406 2954 430 2989 a.
441 2938 558 2989 'iz-Ex
564 2937 698 3002 Hispania
706 2954 831 2989 rever-us

404 3023 532 3090 parvulas
554 3022 682 3089 reliquias
705 3023 831 3088 fugitivo·

404 3126 463 3163 rum
473 3111 492 3178 ¹)
509 3110 575 3160 all.
598 3106 694 3161 Crasso
712 3107 831 3158 devicto·

403 3211 464 3246 rum
487 3195 596 3256 delevit,
622 3194 829 3261 quamobrem

404 3280 536 3346 gloriatus
554 3284 596 3330 cst
612 3281 641 3328 iu
658 3280 774 3343 epistula
796 3278 831 3330 ad

403 3371 526 3418 senatum
536 3363 746 3414 missa-solitus
759 3365 830 3415 enim

404 3455 445 3501 cst
470 3451 564 3515 Pomp.
591 3463 681 3499 rerum
706 3448 740 3498 ab
767 3449 830 3499 aliis

404 3539 540 3601 gestarum
579 3533 694 3599 gloriam
729 3533 828 3596 praeri-

439 3705 457 3768 ¹)
475 3721 500 3755 v.
519 3703 614 3757 servile
632 3703 737 3758 tellum.

853 1910 862 2477 l

705 458 821 510 INDEX
838 457 1019 510 NOMINUM.

916 659 980 707 pere
996 671 1032 684 -
1049 640 1089 702 ὡς
1105 642 1189 703 αὐτὸς
1199 644 1249 697 τὸν
1264 644 1340 699 uols-

914 744 967 794 μον
989 723 1018 779 ἐκ
1040 726 1122 794 ῥιζῶν
1148 727 1280 799 ἅνῄρηκες
1306 733 1339 783 arl

915 811 987 879 quod
998 822 1119 880 spectare
1128 817 1235 867 videtur
1244 816 1339 870 Cicero

913 900 938 961 5.
964 900 998 949 80
1030 893 1114 967 ‘quod
1143 900 1241 956 bellum
1270 903 1339 969 (scil.

914 982 1024 1048 servile)
1038 982 1163 1039 adventu
1180 986 1239 1039 eius
1249 986 1339 1040 ruba·

913 1070 973 1120 tam
1002 1072 1085 1135 atque
1112 1070 1250 1135 sepultam
1278 1068 1340 1136 eslf.

915 1168 976 1203 nam
995 1159 1026 1204 ut
1045 1157 1074 1205 in
1096 1155 1170 1206 bello
1184 1156 1339 1208 Sertoriano

915 1239 947 1302 Q.
965 1240 1105 1291 Metellum
1131 1240 1219 1306 Pium,
1246 1242 1286 1292 sio
1311 1242 1340 1292 in

914 1324 987 1375 bello
1000 1325 1093 1376 servili
1104 1342 1148 1377 res
1166 1326 1305 1392 praeclare
1324 1341 1341 1377 a

915 1411 952 1460 Μ.
981 1409 1088 1463 Licinio
1117 1410 1215 1463 Crasso
1250 1416 1340 1476 gestas

915 1493 1058 1544 silentio
1090 1496 1341 1561 praetermittit

916 1576 1010 1628 Cicero
1019 1580 1090 1629 iusto
1099 1579 1161 1644 plus
1171 1580 1220 1629 On.
1226 1579 1339 1647 Pompei

913 1662 1042 1714 laudibus
1056 1665 1215 1717 inserviens.
1226 1672 1262 1704 -ὲ-
1273 1680 1298 1716 a.
1307 1667 1339 1715 71

915 1765 949 1800 cx
960 1749 1205 1805 senatusconsulto
1217 1749 1340 1800 lterum

914 1833 1090 1900 triumpharit
1107 1850 1190 1902 eques
1201 1834 1339 1884 Romanus

913 1916 949 1984 (ξ.
959 1918 1011 1981 62).
1023 1945 1059 1958 -
1069 1934 1094 1968 a.
1105 1921 1138 1969 70
1146 1911 1258 1987 ‘lapibus
1266 1918 1338 1971 sola·

913 1994 965 2055 tas'
982 2002 1015 2068 (ξ.
1025 2003 1068 2067 62)
1086 2004 1180 2054 consul
1198 2004 1286 2054 factus
1298 2009 1340 2054 est

913 2103 997 2137 anuos
1020 2093 1100 2138 natus
1117 2088 1236 2139 XXXVI.
1255 2089 1342 2137 Erant

913 2178 1003 2224 autem
1022 2173 1118 2224 duae
1135 2172 1220 2238 leges,
1242 2172 1340 2239 quibus

913 2257 1016 2308 solutus
1056 2258 1200 2324 Pompeius
1243 2274 1339 2310 consu-

912 2341 997 2391 latum
1030 2347 1126 2392 nactus
1160 2347 1213 2394 ests
1239 2344 1265 2408 l)
1296 2340 1340 2395 lea

918 2423 1001 2478 Villits
1027 2425 1139 2478 annalis
1164 2442 1190 2477 a.
1209 2427 1258 2476 180
1284 2427 1341 2478 lata

913 2508 947 2564 de
957 2511 1042 2564 annu
1054 2510 1272 2580 inoptatrutaam,
1285 2527 1339 2580 qua

913 2598 1088 2648 constitutum
1104 2603 1154 2659 est,
1162 2591 1237 2664 ‘quot
1251 2612 1341 2650 aurcos

913 2681 975 2734 auti
996 2697 1127 2750 quemque
1148 2682 1339 2748 muptstratssm

911 2771 1039 2834 peterent
1047 2758 1236 2833 cuperentque?
1243 2785 1250 2830 ;
1263 2771 1338 2817 aetas

913 2852 1035 2918 legitima
1052 2856 1261 2918 quaesturae
1279 2856 1337 2903 erat

914 2954 1000 2988 annus
1013 2937 1110 2986 aetatis
1121 2935 1256 2996 XXXVII,
1267 2951 1340 2986 cou-

913 3024 1048 3074 sulatus
1107 3026 1197 3072 autem
1250 3035 1337 3071 annue

911 3108 1011 3175 mv,
1038 3107 1087 3157 sed
1103 3106 1249 3172 Pompeius
1267 3121 1337 3156 anuo

911 3193 1009 3246 aetatis
1017 3191 1138 3255 XXXVI,
1147 3207 1199 3257 quo
1209 3207 1243 3241 ne
1255 3204 1336 3256 quae·

911 3283 968 3331 stor
993 3277 1101 3346 quidem
1128 3276 1189 3342 lege
1212 3275 1264 3326 illa
1280 3274 1338 3325 fleri

910 3365 1004 3432 potuit,
1032 3367 1128 3413 nactus
1154 3363 1196 3412 cet
1213 3357 1334 3410 consula-

910 3457 976 3503 tum.
1011 3449 1038 3515 2)
1065 3448 1108 3500 lex
1130 3443 1255 3500 Cornelia
1271 3443 1339 3494 aL.

911 3536 988 3587 Sulla
1022 3537 1152 3587 dictatore
1181 3530 1246 3592 lata,
1282 3542 1335 3594 qua

909 3624 1019 3670 cautum
1037 3623 1086 3679 est,
1104 3632 1138 3667 ue
1157 3616 1217 3682 quis
1231 3617 1340 3681 praetor

909 3707 1052 3764 crearetur,
1080 3704 1226 3764 antequam
1254 3711 1337 3764 quaa
