3150 4375
624 416 703 467 cnr.
721 416 800 469 s-a.
819 415 843 477 s.
863 419 972 470 m-rs.
1256 418 1279 485 9

308 598 418 654 torum
440 591 615 673 navigatio
638 590 855 675 conquiescit.
899 590 954 656 Ita
982 613 1089 676 neque
1116 613 1158 656 ex
1182 601 1279 677 portu

310 714 417 778 neque
451 716 494 757 ex
528 692 676 758 decumis
709 713 818 777 neque
852 715 895 758 ex
929 695 1096 779 scriptura
1129 693 1278 777 vectigal

310 798 502 861 conservari
517 805 645 881 potest3
669 819 773 882 quare
797 819 898 882 saepe
920 799 1023 863 totius
1047 799 1127 862 anni
1149 799 1278 864 fructus

309 920 373 963 uno
397 919 529 962 rumore
552 898 693 983 periculi
716 910 817 985 atque
839 922 905 965 uno
928 900 1008 966 belli
1032 910 1159 966 terrore
1181 901 1279 965 amit·

257 1000 260 1004 ’
289 1001 402 1075 stitur.
419 1001 492 1083 Quo
507 1001 645 1066 tandem
665 1004 770 1085 igitur
785 1005 896 1068 animo
913 1025 987 1068 esse
1004 1005 1206 1068 existimatis
1220 1011 1315 1068 autu

310 1124 376 1186 eos,
393 1106 449 1188 qui
461 1104 645 1188 vectigalia
657 1104 754 1170 nobis
767 1108 949 1190 pensitant,
966 1115 1024 1171 aut
1037 1128 1104 1191 eos,
1118 1108 1173 1191 qui
1187 1128 1278 1171 exer·

309 1214 385 1269 cent
409 1214 510 1291 atque
533 1209 684 1289 exigunt,
714 1229 791 1271 cum
815 1207 879 1272 duo
903 1228 1001 1291 reges
1025 1232 1101 1273 cum
1122 1208 1278 1273 maximis

310 1308 415 1391 copiis
438 1317 574 1392 propter
597 1307 735 1373 adsint?
757 1331 833 1374 cum
855 1332 923 1375 una
939 1312 1093 1375 excursio
1110 1313 1278 1394 equitatus

308 1408 462 1495 perbrevi
474 1418 622 1495 tempore
634 1411 738 1476 totius
752 1412 832 1475 anni
845 1412 996 1495 vectigal
1008 1415 1139 1477 auferre
1150 1411 1279 1498 possit?

275 1534 382 1584 mcum
405 1510 578 1598 publicani
600 1512 747 1578 familias
770 1515 947 1597 maximas,
971 1536 1053 1599 quas
1077 1518 1111 1579 in
1135 1513 1278 1579 saltibus

307 1614 444 1697 habent,
468 1637 550 1700 quas
574 1616 609 1679 in
631 1617 736 1699 agris,
758 1638 842 1702 quas
866 1619 901 1681 in
923 1616 1084 1701 portubus
1108 1626 1209 1702 atque
1225 1639 1279 1680 cu·

310 1715 440 1798 stodiis,
474 1737 597 1800 magno
631 1717 780 1801 periculo
817 1741 852 1783 se
885 1719 1011 1784 habere
1048 1719 1279 1786 arbitrentur?

307 1820 484 1885 Putatisne
507 1841 567 1885 vos
589 1818 658 1885 illis
681 1819 780 1885 rebus
804 1821 869 1885 frui
891 1843 1000 1906 posse,
1034 1824 1100 1887 nisi
1123 1845 1189 1903 eos,
1224 1824 1279 1907 qui

308 1921 405 1987 vobis
428 1922 552 1988 fructui
576 1931 664 2005 sunt,
687 1924 981 2006 conservaveritis,
1004 1945 1071 1988 non
1096 1923 1211 2007 solum,
1242 1932 1277 1989 ut

277 2033 388 2093 nante
412 2024 494 2104 dixi,
518 2024 723 2107 calamitate,
748 2025 809 2090 sed
825 2030 926 2092 etiam
943 2026 1150 2092 calamitatis
1166 2028 1278 2093 formi-

311 2126 388 2191 dine
412 2126 598 2192 liberatos?

410 2228 462 2297 Ac
490 2252 533 2295 ne
555 2229 641 2296 illud
668 2230 803 2317 quidem
830 2230 927 2296 vobis
949 2231 1193 2317 neglegendum
1217 2207 1313 2327 2⁸er

308 2331 397 2417 quod
419 2333 500 2398 mihi
524 2355 585 2418 ego
610 2343 795 2400 extremum
809 2356 1058 2420 proposueram,
1081 2357 1157 2400 eum
1172 2357 1280 2401 essem

310 2433 351 2497 de
373 2433 455 2498 belli
477 2457 600 2517 genere
624 2437 786 2520 dicturus,
811 2437 900 2521 quod
922 2437 968 2503 ad
990 2437 1167 2503 multorum
1190 2439 1278 2504 bona

275 2536 433 2604 accivium
466 2536 691 2603 Romanorum
723 2539 880 2624 pertinet,
915 2561 1053 2623 quorum
1085 2540 1182 2603 vobis
1219 2561 1278 2623 pro

308 2647 423 2703 vestra
447 2641 625 2724 sapientia,
649 2641 810 2722 Quirites,
839 2641 995 2706 habenda
1019 2650 1070 2705 est
1093 2643 1179 2705 ratio
1205 2639 1278 2704 dili-

309 2749 437 2821 genter.
482 2742 568 2805 Nam
599 2751 632 2803 et
659 2741 844 2825 publicani,
874 2742 1023 2804 homines
1052 2742 1278 2806 honestissimi

310 2851 410 2928 atque
426 2844 643 2919 ornatissimi,
667 2864 746 2906 suas
769 2844 918 2907 rationes
943 2852 977 2908 et
999 2844 1113 2928 copias
1136 2842 1278 2908 inillam

308 2949 517 3031 provinciam
544 2944 768 3026 contulerunt,
804 2966 942 3030 quorum
970 2947 1118 3028 ipsorum
1151 2968 1210 3029 per
1244 2969 1279 3011 se

276 3072 363 3118 sares
395 3059 428 3114 et
456 3050 612 3114 fortunae
641 3048 738 3113 vobis
762 3069 864 3112 curae
887 3069 961 3113 esse
985 3047 1123 3129 debent3
1157 3049 1280 3113 etenim

311 3153 341 3215 si
377 3151 562 3233 vectigalia
599 3172 720 3215 nervos
759 3172 833 3215 esse
870 3151 920 3213 rei
957 3149 1113 3234 publicae
1151 3172 1279 3236 semper

312 3252 477 3335 duximus,
512 3275 586 3318 eum
620 3262 710 3317 certe
744 3252 905 3337 ordinem,
943 3256 1008 3339 qui.
1033 3263 1169 3322 exercet
1208 3253 1278 3337 illa,

310 3357 556 3421 firmamentum
567 3364 754 3422 ceterorum
761 3356 915 3423 ordinum
928 3366 1020 3423 recte
1033 3380 1107 3422 esse
1121 3358 1277 3423 dicemus.

311 3458 442 3523 Deinde
465 3481 508 3524 ex
531 3461 651 3524 ceteris
676 3459 850 3525 ordinibus
879 3460 1028 3526 homines
1052 3463 1156 3544 gnavi
1178 3471 1312 3546 atquem

277 3587 303 3628 ao
312 3561 470 3626 industrii
499 3564 622 3647 partim
651 3564 715 3647 ipsi
744 3565 778 3627 in
801 3561 886 3628 Asia
908 3565 1135 3647 negotiantur,
1159 3565 1278 3650 quibus

312 3686 370 3730 vos
398 3663 594 3730 absentibus
624 3664 800 3731 consulere
832 3664 973 3755 debetis,
1007 3668 1131 3751 partim
1166 3688 1346 3883 eorum!
