3150 4375
628 456 707 507 car.
725 458 802 506 r-a.
820 453 845 513 s.
864 456 974 507 rs-ar.
1242 454 1280 520 11

309 631 455 695 maxime
477 626 703 693 laborandum
727 636 788 706 est,
818 626 970 692 neforto
993 649 1033 692 ea
1056 626 1164 709 vobis,
1196 650 1282 712 quae

311 731 571 815 diligentissime
592 728 802 815 providenda
826 738 915 810 sunt,
937 730 1183 795 contemnenda
1207 752 1282 797 esse

309 834 500 898 videantur.
522 832 635 917 Atque
656 841 694 897 ut
716 852 830 896 omnes
853 830 1055 914 intellegant
1077 854 1130 896 ma
1151 832 1192 896 L.
1213 833 1281 899 Lu·

309 935 398 1001 cullo
421 943 554 1000 tantum
576 935 748 1018 impertire
770 932 893 1016 laudis,
922 943 1084 1018 quantum
1107 934 1187 1000 forti
1209 935 1281 1000 viro

288 1047 344 1103 set
367 1037 513 1122 sapienti
535 1036 662 1101 homini
685 1045 720 1101 st
741 1056 864 1119 magno
887 1037 1084 1122 imperatori
1108 1036 1281 1120 debeatur,

310 1139 385 1205 dico
407 1141 480 1206 eius
503 1139 653 1205 adventu
674 1140 839 1204 maximas
862 1139 1053 1205 Mithridati
1075 1141 1190 1226 copias
1214 1161 1281 1205 om-

309 1242 408 1306 nibns
425 1239 526 1306 rebus
550 1251 689 1306 ornatas
705 1249 807 1325 atque
823 1242 1007 1305 instructas
1030 1242 1135 1307 fuisse
1152 1242 1281 1307 urbem·

310 1364 374 1430 que
409 1342 516 1408 Asiae
552 1341 778 1407 clarissimam
821 1341 986 1427 nobisque
1031 1344 1281 1426 amicissimam,

310 1445 564 1531 Cyzicenorum,
588 1443 760 1510 obsessam
783 1466 857 1509 esse
880 1444 923 1510 ab
947 1446 1020 1531 ipso
1035 1466 1117 1529 rege
1132 1448 1281 1513 maxima

276 1546 526 1615 romultitudine
550 1554 583 1611 et
606 1555 834 1633 oppugnatam
855 1545 1158 1632 vehementissime,
1182 1571 1281 1634 quam

309 1650 350 1714 L.
373 1647 538 1713 Lucullus
560 1649 697 1729 virtute,
732 1646 950 1731 adsiduitate,
980 1650 1121 1716 consilio
1145 1653 1281 1717 summis

310 1750 496 1817 obsidionis
515 1747 673 1834 periculis
688 1747 863 1831 liberavit3
888 1748 931 1814 ab
948 1752 1065 1818 eodem
1080 1754 1314 1838 imperatore„

310 1853 454 1919 classem
476 1871 634 1934 magnam
657 1859 691 1915 et
714 1858 879 1932 ornatam,
903 1871 989 1935 quae
1014 1851 1153 1918 ducibus
1171 1853 1281 1918 Serto·

309 1957 415 2022 rianis
449 1953 496 2019 ad
527 1953 664 2020 Italiam
702 1953 816 2019 studio
853 1952 1060 2019 inflammata
1096 1964 1281 2040 raperetur,

277 2076 303 2119 ro
312 2064 504 2142 superatam
526 2075 601 2120 esse
622 2063 724 2140 atque
740 2056 950 2140 depressam3
971 2077 1114 2140 magnas
1136 2057 1282 2124 hostium

310 2168 485 2248 praeterea
508 2158 624 2243 copias
646 2155 762 2222 multis
784 2155 921 2242 proeliis
945 2179 1020 2223 esse
1036 2157 1165 2224 deletas
1188 2169 1280 2244 pate·

309 2265 503 2348 factumque
534 2260 660 2326 nostris
695 2258 885 2342 legionibus
920 2281 994 2325 esse
1026 2261 1187 2343 Pontum,
1226 2264 1281 2346 qui

309 2374 412 2431 antea
424 2362 546 2451 populo
558 2362 709 2427 Romano
723 2364 869 2426 exomni
884 2362 981 2428 aditu
995 2362 1130 2428 clausus
1145 2363 1281 2446 fuisset3

311 2467 458 2552 Sinopen
481 2474 582 2548 atque
605 2464 768 2545 Amisum,
803 2465 923 2548 quibus
957 2467 993 2530 in
1022 2467 1154 2551 oppidis
1185 2476 1280 2531 erant

275 2566 482 2633 sodomicilia
496 2566 598 2648 regis,
622 2563 775 2629 omnibus
798 2565 898 2629 rebus
922 2575 1059 2631 ornatas
1083 2588 1124 2631 ac
1139 2568 1281 2633 refertas

310 2681 507 2754 ceterasque
529 2666 630 2731 urbes
657 2665 757 2731 Ponti
781 2675 814 2731 et
838 2665 1075 2753 Cappadociae
1097 2669 1281 2752 permultas

309 2792 376 2838 uno
393 2770 489 2835 aditu
504 2768 719 2852 adventuque
735 2788 809 2831 esse
824 2777 959 2851 captas3
974 2789 1088 2851 regem
1103 2770 1283 2854 spoliatum

309 2894 414 2957 regno
436 2873 548 2958 patrio
571 2880 672 2956 atque
703 2872 795 2936 avito
823 2869 869 2934 ad
891 2869 978 2937 alios
1001 2892 1038 2936 se
1059 2892 1157 2956 reges
1181 2881 1282 2960 atque

311 2977 356 3042 ad
377 2975 464 3040 alias
487 2983 605 3058 gentes
628 2972 813 3060 supplicem
835 2973 1029 3057 contulisse,
1062 2984 1164 3059 atque
1197 2975 1281 3041 haec

276 3079 423 3143 coomnia
451 3074 556 3140 salvis
584 3074 699 3159 populi
720 3074 862 3138 Romani
892 3076 992 3138 sociis
1015 3083 1116 3159 atque
1139 3077 1281 3160 integris

310 3177 536 3261 vectigalibus
570 3197 645 3241 esse
679 3185 786 3260 gesta.
832 3174 923 3241 Satis
961 3178 1079 3260 opinor
1111 3177 1175 3241 hoc
1209 3199 1282 3242 esse

310 3281 421 3349 laudis
444 3288 546 3364 atque
568 3279 627 3360 ita,
652 3278 811 3360 Quirites,
833 3287 872 3342 ut
894 3277 957 3344 hoc
980 3299 1040 3344 vos
1064 3279 1281 3362 intellegatis,

310 3407 332 3450 a
359 3382 452 3448 nullo
483 3382 633 3463 istorum,
667 3381 723 3466 qui
756 3379 834 3444 huic
864 3379 1056 3446 obtrectant
1082 3380 1151 3465 legi
1180 3388 1280 3466 atque

310 3507 443 3567 causae,
476 3483 518 3548 L.
539 3481 720 3547 Lucullum
747 3480 903 3547 similiter
936 3504 979 3548 ex
1006 3482 1070 3547 hoc
1099 3483 1172 3549 loco
1207 3502 1280 3546 esse

277 3587 496 3652 colaudatum.

411 3689 612 3773 Requiretur
634 3687 780 3752 fortasse
802 3708 901 3769 nunc,
937 3709 1034 3771 quem
1063 3687 1108 3752 ad
1135 3676 1314 3794 modum}²
