3150 4375
352 424 393 489 48

672 426 787 477 nnnnx
804 425 986 495 uonnuun.

384 613 476 663 Asiam
494 611 734 662 administrandam
746 610 810 662 reli-
860 612 957 668 nouit?
987 610 1136 677 inperator
1159 614 1184 674 §-
1206 613 1249 676 46,
1279 617 1321 661 est

384 702 487 763 querat,
505 697 577 747 male
589 712 646 747 rem
663 696 748 762 gessit
764 695 811 747 ad·

384 798 478 832 versus
512 781 695 846 Mithridaten,
730 796 811 846 quem

384 866 462 917 nulla
478 866 578 918 idonea
600 881 683 918 eausa
700 865 810 916 adortus

386 958 439 1013 est;
465 953 513 1003 sed
532 951 608 1003 Sulla
625 949 811 1002 intercedente

893 697 926 759 Q.
950 694 1085 747 Caecilius
1107 697 1234 748 Metellus
1253 695 1318 747 Oro·

893 784 971 845 tious,
999 781 1095 833 oonsul
1118 798 1143 838 a.
1162 784 1204 847 69,
1231 783 1277 848 qui
1295 796 1319 831 a.

893 868 995 918 68-66
1043 866 1150 920 Cretam
1201 867 1319 917 insulam

893 953 1018 1019 subiecit,
1036 970 1063 1008 v.
1083 952 1239 1009 credontes.

383 1038 475 1089 Mithr.
486 1038 522 1088 ab
540 1039 622 1088 armis
636 1035 812 1087 discessit-
860 1050 945 1094 novus
975 1039 1125 1106 imperator
1153 1041 1176 1102 5.
1206 1040 1249 1102 26,
1279 1042 1320 1089 est

387 1137 411 1172 a.
432 1123 465 1173 74
490 1123 600 1173 foedere
625 1123 680 1173 icto
699 1137 760 1172 eum
778 1121 811 1183 Q.

892 1123 938 1176 M:
955 1124 1059 1176 Acilius
1078 1122 1200 1186 Glabrio,
1229 1123 1277 1173 ubi
1294 1137 1319 1176 v.

386 1208 514 1268 Sertorio,
534 1212 629 1273 postea
651 1208 733 1257 otiam
750 1222 811 1257 oum
860 1208 1004 1265 Numantia
1021 1212 1044 1273 ς.
1062 1210 1104 1273 60,
1132 1209 1197 1261 urbs
1220 1208 1319 1273 Hispa·

384 1293 812 1360 Tigrane,Armoniaorego,oon·

385 1380 492 1429 iunctus
518 1378 657 1429 tertium
682 1375 813 1429 bellum

384 1464 529 1538 montib
548 1463 688 1514 Aurelium
706 1460 812 1512 Cottam

386 1550 533 1613 consulem,
551 1548 584 1603 1..
601 1547 711 1597 Luculli
729 1546 813 1596 eolle-

386 1651 461 1702 gam,
496 1640 570 1684 terra
615 1633 736 1697 marique
776 1630 812 1680 ad

387 1718 561 1771 Chalcedona
583 1717 663 1780 vieit3
686 1715 811 1767 debello

384 1804 476 1857 Mithr.
492 1804 574 1855 tertio
591 1817 617 1853 v.
629 1817 733 1868 argum.
744 1805 811 1850 orat.

386 1898 414 1942 et
430 1889 549 1940 indicem
561 1903 582 1938 s.
599 1903 644 1937 vv.
653 1885 697 1937 M:
708 1884 812 1935 Acilius

387 1974 506 2035 Glabrio,
533 1973 565 2020 L.
599 1970 720 2019 Licinius
756 1968 813 2017 Lu·

386 2059 482 2122 sullus,
492 2057 541 2107 Cn.
549 2054 703 2120 Pompeius.
710 2053 813 2104 -ttdb

386 2142 555 2196 Mithridates
567 2144 698 2191 nocturno
709 2137 813 2206 proelio

387 2246 405 2281 a
413 2229 542 2294 Pompeio
555 2226 678 2277 deuotus
690 2224 725 2275 ad
733 2225 813 2276 Nico-

385 2314 463 2381 polin
472 2316 501 2362 in
512 2310 710 2362 Chersondsum
718 2309 813 2359 Tauri·

387 2414 447 2449 oam
459 2398 552 2462 fugere
566 2399 677 2446 coaetus
689 2397 739 2444 est
757 2393 813 2444 Ubi

387 2499 404 2534 a
438 2481 572 2532 militibus
607 2478 761 2541 derelictus,
797 2491 814 2527 a

387 2568 527 2619 Pharndoe
544 2565 601 2616 filio
622 2565 723 2630 petitus
739 2567 767 2614 et
783 2563 814 2614 in

387 2655 447 2718 ipsa
479 2653 556 2718 regia
591 2650 717 2700 obsessus
752 2663 814 2698 oum

387 2753 493 2789 veneno
516 2741 622 2803 sumpto
639 2749 735 2800 parum
751 2747 814 2797 pro·

387 2825 504 2883 fecisset,
527 2837 544 2872 a
561 2821 647 2870 milite
666 2816 746 2868 Gallo
764 2818 814 2866 im·

387 2909 512 2974 patravit,
530 2911 561 2957 ut
577 2921 606 2956 se
625 2903 717 2970 gladio
731 2903 813 2952 inter-

388 2993 481 3044 flueret
499 3007 523 3042 a.
540 2993 582 3042 63.

357 3093 563 3150 ΙΙίΙισΙσσῒΙοσοι
572 3089 671 3147 bottun
684 3086 814 3158 asnarius

388 3182 413 3242 ξ.
432 3179 457 3244 7,
474 3183 515 3230 est
531 3176 634 3228 bellum
651 3174 814 3226 Mithridati-

390 3280 451 3314 oum
462 3264 640 3330 primuma.
653 3260 756 3312 89-84
768 3275 814 3325 ge·

390 3355 460 3400 stum
468 3365 475 3411 3
484 3346 551 3397 belli
560 3346 633 3397 illius
643 3345 776 3396 leviorisa
782 3345 814 3394 L.

390 3436 504 3485 Murena
514 3432 582 3498 gesti
592 3446 615 3480 a.
625 3431 725 3480 83-81
735 3429 761 3481 b.
770 3429 789 3482 l.
798 3443 816 3480 a

390 3520 520 3570 Cicerone
530 3515 605 3566 nulla
613 3516 682 3564 ratio
692 3513 816 3566 habetur.

358 3621 385 3677 Ι..
404 3623 512 3676 morona
529 3634 555 3671 v.
581 3618 607 3673 Ι..
626 3616 744 3673 notnn
762 3615 816 3672 Ιιι-

270 3698 306 3899 ,

894 1295 957 1346 niae
985 1294 1195 1346 Tarraconensis
1225 1297 1321 1343 natura

894 1379 1092 1444 munitissima,
1120 1379 1250 1430 Romanis
1279 1379 1320 1427 in-

894 1464 972 1515 festa.
991 1465 1078 1527 Quam
1093 1480 1154 1516 oum
1171 1462 1319 1530 permultos

894 1564 980 1599 annos
1015 1548 1115 1598 frustra
1150 1548 1320 1599 obsedissent

894 1632 978 1684 duoes
1011 1632 1141 1696 Romani,
1176 1631 1320 1683 Afrieanus

894 1720 982 1769 minor
994 1718 1066 1783 oepit
1086 1717 1221 1784 diruitque
1234 1733 1258 1768 a.
1271 1716 1320 1766 133

894 1808 956 1870 post
968 1803 1120 1869 quindecim
1129 1804 1262 1853 mensium
1274 1817 1320 1866 op·

894 1888 1087 1954 pugnationem
1099 1886 1319 1953 (Numantinus).

862 2073 987 2133 ssooanut
1000 2077 1024 2139 t.
1036 2075 1083 2139 3³3
1106 2070 1210 2127 Ooeom'
1221 2072 1320 2125 ostium

895 2162 915 2213 l.
927 2176 951 2213 o.
964 2160 1118 2228 appellatur
1127 2159 1225 2211 fretum
1238 2157 1320 2210 (ladi-

895 2252 997 2309 tanum,
1022 2241 1085 2311 ‘qua
1102 2246 1218 2310 primum
1238 2244 1321 2294 maris

895 2331 995 2382 interni
1043 2330 1127 2380 limen
1179 2325 1320 2393 aperitur’3

895 2416 1047 2482 oppositum
1074 2419 1115 2465 est
1141 2406 1222 2468 ‘ostio
1244 2411 1320 2465 Tebe-

894 2493 966 2554 rt'oo’
985 2502 1010 2563 5.
1027 2500 1068 2551 38.
1304 2507 1306 2510 ’

862 2584 939 2643 Usila
952 2590 1045 2652 portus
1055 2585 1158 2635 Romae
1171 2583 1207 2633 ad
1215 2583 1320 2634 Tiberis

897 2673 996 2722 ostium
1013 2671 1090 2723 situs.

863 2754 991 2812 dationes
1018 2753 1212 2810 lnoonnodun
1237 2755 1262 2818 ς.
1279 2755 1321 2814 8³,

895 2837 943 2892 καὶ
954 2835 983 2898 ἐς
993 2837 1043 2906 τὴν
1053 2837 1167 2905 ἤπειρον
1178 2836 1322 2907 ἀνέβαινον

898 2929 944 2992 (so.
956 2923 984 2977 ol
994 2923 1098 2993 λῃσταῶ
1116 2922 1163 2974 καὶ
1179 2923 1264 2976 πολλὰ
1276 2921 1322 2974 καὶ

896 3007 1017 3068 ἐκείνους
1041 3006 1106 3066 τοὺς
1132 3005 1200 3075 μηδὲ
1220 3006 1322 3076 χρωμέ-

896 3112 963 3156 vous·
989 3098 1023 3163 τῇ
1051 3091 1177 3162 θαλάσσῃ
1206 3088 1322 3144 ἐλύπουν

896 3179 944 3234 καὶ
965 3183 1054 3233 ταῦτα
1074 3176 1122 3230 καὶ
1140 3176 1191 3245 τὴν
1207 3170 1321 3228 Ἰταλίαν

898 3263 984 3334 αὐτὴν
1001 3261 1114 3318 ἐποίουν
1132 3298 1140 3314 .
1157 3300 1165 3316 .
1183 3259 1212 3322 ἕο
1225 3276 1256 3314 ss
1273 3259 1321 3318 τὰς

897 3351 980 3410 ἄλλος
995 3347 1045 3409 τὰς
1060 3347 1145 3417 ταύτῃ
1164 3344 1255 3404 πόλεις
1276 3342 1322 3395 καὶ

897 3435 926 3498 ἐς
943 3436 1013 3490 αὐτὰ
1034 3432 1069 3486 τὰ
1085 3425 1180 3484 ¹sibotto
1197 3425 1321 3482 ἐσέπλεον

897 3523 944 3578 καὶ
968 3521 1018 3580 τάς
1042 3535 1072 3571 τε
1093 3517 1162 3575 ναῦς
1179 3513 1260 3568 ἔκαον
1276 3513 1323 3566 καὶ

898 3607 986 3662 πάνθ’
1002 3603 1131 3674 ἥρπαζον.
1164 3601 1227 3671 (Dio
1248 3601 1321 3653 Cass.

901 3691 980 3761 Ῥωμ.
998 3690 1066 3759 iot.)
