3150 4375
321 435 360 499 12
569 436 619 486 ΒΕ
635 437 789 489 IMPERIO
809 438 863 489 CN.
882 438 1028 489 POMPEI.

319 629 392 672 oum
415 606 499 673 haee
522 609 571 671 ita
594 609 672 688 sint,
702 609 868 696 reliquum
894 613 1002 697 possit
1028 631 1187 693 magnum
1215 632 1287 676 esse

318 708 451 774 bellum.
496 708 708 794 cognoscite,
733 713 900 796 Quirites3
928 735 996 780 non
1019 715 1107 778 enim
1127 712 1191 777 hoo
1216 715 1288 776 sine

318 833 422 877 eausa
445 814 561 898 quaeri
582 814 726 878 videtur.
770 814 917 881 Primum
946 838 990 880 ex
1018 838 1077 881 suo
1106 835 1209 898 regno
1239 816 1287 877 sio

317 914 532 981 Mithridates
559 916 716 1000 profugit,
751 925 788 980 ut
817 940 860 981 ex
889 917 1005 982 eodem
1038 917 1145 983 Ponto
1168 916 1288 981 Medea

317 1017 377 1082 illa
401 1016 569 1102 quondam
591 1018 781 1102 profugisse
807 1018 942 1101 dicitur,
966 1040 1067 1104 quam
1088 1018 1310 1102 praedicante

318 1121 352 1184 in
382 1119 463 1202 fuga
491 1120 607 1184 fratris
642 1122 696 1185 sui
721 1120 871 1186 membra
896 1122 997 1184 iniis
1029 1120 1130 1203 locis,
1164 1142 1229 1206 qua
1253 1143 1288 1186 se

318 1242 440 1305 parens
464 1230 730 1306 persequeretur,
760 1221 990 1308 dissipavisse,
1018 1231 1056 1287 ut
1084 1244 1198 1288 eorum
1220 1222 1287 1287 ool-

318 1324 418 1390 lectio
436 1324 591 1409 dispersa
606 1333 803 1411 maerorque
815 1328 944 1412 patrius
958 1325 1167 1392 celeritatem
1178 1347 1289 1411 perse·

319 1426 442 1511 quendi
454 1428 655 1493 retardaret.
664 1427 721 1493 Sic
733 1427 949 1494 Mithridates
962 1430 1095 1512 fugiens
1106 1430 1290 1494 maximam

318 1530 386 1593 vim
408 1530 482 1593 auri
506 1537 607 1613 atque
629 1533 765 1613 argenti
786 1530 1151 1615 pulcherrimarumque
1179 1552 1288 1595 rerum
1298 1551 1325 1595 ro

319 1631 475 1712 omnium,
508 1652 591 1716 quas
622 1640 656 1695 et
685 1652 706 1695 a
733 1631 917 1696 maioribus
946 1642 1124 1717 acceperat
1156 1642 1189 1697 et
1217 1634 1290 1717 ipse

318 1732 406 1796 bello
436 1734 605 1817 superiore
639 1754 683 1797 ex
715 1742 789 1798 tota
823 1731 914 1799 Asia
942 1734 1090 1819 direptas
1126 1736 1161 1799 in
1195 1756 1290 1798 suum

318 1855 456 1918 regnum
494 1843 723 1918 congesserat,
764 1837 800 1899 in
836 1835 942 1900 Ponto
978 1858 1106 1901 omnem
1142 1835 1289 1921 reliquit.

318 1937 413 2002 Haeo
438 1937 516 2001 dum
538 1938 646 2001 nostri
669 1936 835 2019 eolligunt
859 1939 968 2002 omnia
993 1937 1198 2020 diligentius,
1229 1961 1290 2003 rex

318 2042 390 2123 ipse
418 2036 613 2103 emanibus
636 2037 763 2122 effugit.
800 2039 855 2105 Ita
883 2038 978 2121 illum
1004 2041 1040 2103 in
1068 2040 1289 2125 persequendi
1297 2070 1324 2114 ιο

284 2141 431 2209 ustudio
454 2164 595 2227 maeror,
618 2143 679 2210 hos
702 2142 836 2209 laetitia
859 2142 1021 2209 tardavit.
1050 2142 1208 2209 Huncin
1231 2143 1289 2211 illo

318 2249 437 2312 timore
471 2257 503 2310 et
536 2248 618 2330 fuga
640 2248 817 2329 Tigranes,
850 2268 912 2310 rex
934 2246 1122 2326 Armenius,
1156 2248 1290 2329 excepit

320 2349 592 2433 diffidentemque
614 2347 715 2413 rebus
739 2349 809 2412 suis
832 2348 1044 2413 confirmavit
1066 2357 1101 2412 et
1117 2347 1290 2413 adflictum

319 2453 428 2517 erexit
461 2450 693 2536 perditumque
725 2451 901 2515 recreavit.
946 2448 1049 2515 Cuius
1083 2452 1119 2514 in
1151 2472 1290 2533 regnum

318 2564 537 2640 posteaquam
550 2552 591 2616 L.
606 2551 769 2617 Lucullus
791 2572 867 2616 oum
882 2555 1034 2617 exercitu
1049 2554 1153 2634 venit,
1175 2552 1325 2637 pluresne

320 2659 422 2722 etiam
450 2662 568 2738 gentes
597 2663 716 2719 eontra
739 2656 975 2739 imperatorem
997 2664 1150 2720 nostrum
1179 2657 1288 2718 conoi-

319 2768 413 2824 tatae
429 2765 516 2821 sunt.
538 2756 624 2822 Erat
640 2758 728 2822 enim
742 2767 850 2824 metus
865 2758 1009 2822 iniectus
1025 2758 1067 2822 iis
1082 2757 1289 2839 nationibus,

320 2882 403 2945 quas
419 2880 599 2944 numquam
610 2858 752 2943 populus
763 2859 934 2924 Romanus
950 2881 1058 2944 neque
1070 2858 1288 2924 lacessendas

318 2961 408 3028 bello
435 2982 543 3046 nequo
571 2960 785 3046 temptandas
814 2962 963 3046 putavit3
1000 2970 1072 3026 erat
1096 2963 1197 3026 etiam
1219 2959 1289 3025 alia

320 3066 435 3148 gravis
452 3071 553 3149 atque
564 3064 743 3129 vehemens
756 3065 879 3148 opinio,
895 3084 981 3148 quae
996 3065 1126 3128 animos
1139 3066 1326 3148 gentiumne

319 3166 540 3231 barbararum
556 3175 763 3250 pervaserat,
785 3166 858 3231 fani
880 3165 1135 3251 locupletissimi
1158 3176 1190 3231 et
1213 3165 1289 3230 reli-

321 3269 502 3353 giosissimi
532 3268 713 3353 diripiendi
745 3289 849 3332 eausa
878 3270 914 3333 in
943 3290 999 3333 eas
1035 3291 1111 3334 oras
1140 3280 1289 3334 nostrum

322 3393 396 3437 esse
429 3373 613 3436 exercitum
646 3370 839 3434 adductum.
884 3371 937 3434 Ita
971 3372 1125 3435 nationes
1162 3369 1288 3436 multae

321 3484 421 3560 atque
443 3495 587 3556 magnae
608 3493 695 3537 novo
719 3472 864 3556 quodam
887 3481 1013 3536 terrore
1036 3494 1076 3537 ao
1099 3482 1189 3537 metu
1212 3495 1289 3538 oon-

321 3577 524 3643 citabantur.
548 3576 671 3640 Noster
686 3584 798 3639 autem
815 3577 993 3656 exercitus,
1016 3577 1153 3639 tametsi
1173 3576 1326 3641 urbernso

322 3703 366 3747 ex
387 3680 526 3764 Tigrani
559 3699 663 3762 regno
697 3687 832 3763 ceperat
867 3686 899 3742 et
933 3678 1069 3762 proeliis
1103 3702 1182 3744 usus
1217 3691 1289 3742 erat
