3150 4375
306 439 346 505 10
556 439 606 489 DE
623 438 777 489 IMPERIO
797 438 852 491 ΟΝ.
871 438 1017 489 POMPEI.

304 612 339 675 in
356 633 395 675 ea
411 612 586 697 provincia
601 612 761 696 pecunias
777 630 920 693 magnas
937 610 1121 675 collocatas
1138 611 1272 677 habant.

303 712 366 778 Est
389 715 492 797 igitur
513 714 734 779 humanitatis
763 721 899 777 vestrae
921 733 1081 795 magnum
1102 735 1274 778 numerum

305 838 416 881 eorum
454 817 578 881 civium
614 814 812 880 calamitate
848 814 1041 900 prohibere,
1087 816 1273 901 sapientiae

303 919 419 984 videre
440 917 619 984 multorum
634 918 758 983 civium
782 916 1012 982 calamitatem
1035 939 1056 982 a
1078 917 1273 1003 republica

305 1022 491 1085 seiunctam
514 1041 588 1085 esse
610 1040 678 1083 non
700 1039 810 1103 posse.
832 1033 836 1040 '
854 1018 989 1084 Etenim
1017 1020 1160 1104 primum
1190 1018 1294 1090 illudi

303 1124 399 1208 parvi
431 1123 550 1205 refert,
594 1144 656 1187 nos
692 1120 883 1207 publicanis
921 1123 1046 1187 amissa
1090 1121 1274 1205 vectigalia

301 1232 421 1310 postea
435 1226 581 1291 victoris
597 1245 813 1310 recuperare3
836 1246 944 1310 neque
960 1226 1048 1289 enim
1064 1223 1171 1288 isdem
1185 1224 1273 1290 redi·

301 1326 415 1392 mendi
447 1327 593 1392 facultas
629 1329 692 1391 erit
725 1336 863 1413 propter
897 1327 1129 1393 calamitatem
1167 1349 1274 1412 neque

270 1429 379 1495 raaliis
402 1429 561 1494 voluntas
584 1438 721 1514 propter
745 1432 906 1494 timorem.
945 1430 1078 1494 Deinde
1101 1430 1190 1515 quod
1212 1452 1273 1495 nos

302 1531 418 1596 eadam
451 1530 535 1594 Asia
570 1539 671 1615 atque
704 1530 794 1595 idem
828 1534 893 1596 iste
926 1532 1141 1596 Mithridates
1176 1534 1272 1597 initio
1282 1557 1308 1598 11

301 1632 382 1698 belli
405 1633 552 1698 Asiatici
576 1632 700 1715 docuit,
736 1631 772 1696 id
795 1632 929 1718 quidem
957 1643 1049 1699 certe
1076 1633 1273 1700 calamitate

303 1735 394 1800 docti
415 1736 575 1800 memoria
596 1736 743 1798 retinere
767 1733 936 1801 debemus.
979 1736 1066 1801 Nam
1088 1744 1168 1819 tum,
1199 1758 1273 1801 cum

302 1841 337 1904 in
365 1840 448 1904 Asia
477 1860 532 1903 res
558 1858 701 1921 magnas
729 1838 887 1923 permulti
915 1840 1115 1920 amiserunt,
1150 1840 1273 1905 scimus

300 1942 426 2007 Romae
455 1941 620 2006 solutione
648 1940 810 2025 impedita
832 1941 932 2005 fidem
955 1939 1153 2004 concidisse.
1198 1942 1273 2005 Non

302 2046 390 2108 enim
404 2052 544 2127 possunt
559 2064 627 2107 una
642 2042 678 2106 in
700 2042 843 2107 civitate
865 2040 962 2108 multi
977 2064 1048 2107 rem
1063 2063 1104 2107 ac
1119 2043 1271 2109 fortunas
1282 2066 1307 2109 rs

301 2147 466 2230 amittere,
489 2155 617 2213 utnon
639 2145 752 2232 plures
776 2165 888 2211 secum
912 2146 946 2209 in
970 2144 1110 2209 eandem
1133 2145 1272 2211 trahant

301 2250 539 2316 calamitatem.
563 2249 593 2312 A
616 2270 679 2333 quo
702 2248 852 2332 periculo
875 2246 1052 2332 prohibete
1074 2271 1145 2312 rem
1166 2247 1273 2333 publi·

301 2374 376 2418 cam
400 2362 434 2417 et
455 2350 538 2415 mihi
560 2351 699 2430 credite,
732 2350 768 2415 id
797 2349 887 2435 quod
915 2351 980 2436 ipsi
1009 2350 1150 2415 videtis:
1187 2350 1271 2416 haec

300 2453 383 2519 fides
414 2463 516 2539 atque
543 2453 627 2518 haec
650 2454 737 2519 ratio
766 2453 993 2538 pecuniarum,
1028 2474 1114 2538 quae
1135 2453 1271 2536 Romae,

301 2577 386 2642 quae
419 2558 454 2621 in
486 2557 558 2622 foro
591 2565 763 2637 versatur,
799 2555 973 2640 implicata
1008 2565 1060 2621 est
1094 2579 1170 2622 cum
1204 2556 1307 2621 illisas

299 2660 451 2746 pecuniis
484 2657 649 2724 Asiaticis
688 2668 722 2723 et
755 2658 929 2740 cohaeret3
973 2679 1070 2722 ruere
1107 2657 1168 2724 illa
1205 2680 1272 2725 non

299 2770 450 2848 possunt,
478 2772 517 2827 ut
538 2762 622 2826 haec
644 2782 712 2827 non
736 2760 854 2826 eodem
876 2760 1048 2825 labefacta
1077 2771 1170 2826 motu
1195 2783 1271 2827 con·

300 2865 427 2929 cidant.
473 2865 587 2944 Quare
609 2863 733 2944 videte,
756 2885 837 2929 num
860 2862 1084 2929 dubitandum
1106 2863 1203 2929 vobis
1227 2867 1272 2930 sit

301 2967 389 3032 omni
412 2965 523 3031 studio
547 2965 592 3029 ad
608 2965 644 3029 id
658 2964 783 3036 bellum
799 2964 1001 3047 incumbere,
1025 2964 1060 3028 in
1083 2985 1147 3050 quo
1163 2965 1272 3050 gloria

299 3069 444 3134 nominis
459 3070 575 3150 vestri,
598 3068 690 3135 salus
714 3070 889 3150 sociorum,
912 3067 1097 3150 vectigalia
1112 3070 1306 3151 maximam

299 3171 454 3237 fortunae
487 3171 704 3256 plurimorum
738 3173 863 3237 civium
895 3171 1096 3235 coniunctae
1130 3194 1206 3237 cum
1235 3194 1271 3236 re

298 3274 436 3362 publica
460 3274 693 3340 defendantur.

273 3376 291 3430 8
403 3378 568 3460 Quoniam
582 3378 623 3443 de
636 3398 758 3461 genere
769 3375 851 3441 belli
865 3375 947 3457 dixi,
955 3398 1044 3441 nunc
1059 3376 1105 3440 de
1120 3377 1270 3458 magni·

264 3455 445 3547 ”tudine
467 3503 575 3566 pauca
600 3481 719 3544 dicam.
753 3478 870 3542 Potest
893 3479 980 3541 enim
1003 3477 1065 3543 hoc
1091 3478 1166 3560 dici,
1190 3477 1270 3543 belli

301 3605 404 3668 genus
430 3606 504 3649 esse
527 3585 576 3648 ita
598 3582 836 3662 necessarium,
859 3589 896 3643 ut
920 3582 964 3644 sit
988 3580 1181 3664 gerendum,
1203 3604 1306 3646 nonno

301 3710 375 3754 esse
398 3690 446 3753 ita
468 3707 638 3769 magnum,
660 3693 700 3759 ut
722 3687 765 3748 sit
788 3683 1100 3769 pertimescendum.
1144 3685 1184 3750 In
1207 3706 1270 3770 quo
