3150 4375
649 452 763 503 INDEX
780 451 959 503 NOMINUM.
1230 450 1269 514 37

305 642 432 710 Bithynia
449 636 486 706 3.
517 642 541 703 ὅ,
576 642 651 707 regio
682 640 764 692 Asiae

336 729 446 779 minoris
465 726 499 777 ad
518 742 591 777 oram
610 726 691 776 Ponti
708 725 764 775 Eu·

337 812 394 865 xini
412 817 440 862 et
457 810 630 876 Propontidis
647 811 708 871 sita,
734 809 764 858 in

336 897 492 964 provinciae
514 896 626 946 formam
653 894 765 945 redacta

338 989 387 1046 est,
396 979 703 1048 postquamNicomides
712 978 763 1044 ΙΙΙ,

336 1068 480 1133 Bithyniae
497 1082 552 1129 rex,
576 1064 693 1114 moriens
717 1077 763 1129 po·

336 1151 429 1219 palum
447 1151 598 1201 Romanum
614 1147 765 1199 fecithere·

337 1238 397 1289 dem
415 1252 440 1287 a.
458 1236 501 1286 m.

305 1319 471 1388 coaptarent
507 1320 565 1371 sive
610 1316 763 1384 Bosporani

337 1410 361 1470 9.
380 1408 404 1469 9,
422 1404 530 1456 incolae
552 1402 674 1470 Bospori,
693 1402 764 1469 quod

338 1496 397 1542 erat
420 1505 531 1555 regnum
555 1489 591 1539 ad
612 1488 675 1539 freti
693 1486 764 1538 Gim-

337 1576 415 1626 merii
431 1589 493 1625 oras
516 1578 544 1625 et
560 1574 590 1622 in
606 1573 673 1623 Asia
690 1576 718 1622 et
734 1572 763 1620 in

339 1660 505 1710 Chersoneso
530 1659 647 1709 Taurica
674 1657 763 1710 situm.

305 1758 474 1816 Brundisium
501 1760 525 1821 a.
549 1762 591 1821 32,
621 1758 763 1809 calabriae

337 1844 477 1894 orientalis
521 1843 649 1910 oppidum
684 1848 764 1910 portu

339 1930 434 1991 nobili,
464 1928 537 1979 unde
560 1930 690 1979 traiectus
712 1928 765 1979 tuit

338 2016 367 2063 in
379 2011 521 2063 Graeciam
534 2019 561 2063 et
574 2014 604 2062 in
622 2013 762 2075 orientem,

337 2098 416 2148 hodie
433 2094 571 2150 Brindisi.

304 2287 332 2346 a.
363 2284 497 2344 caeciliae
525 2285 648 2344 tteteilna
675 2288 700 2351 a.
720 2285 763 2351 oe,

337 2374 398 2439 quis
416 2372 504 2434 fuerit,
523 2387 578 2422 non
596 2377 710 2424 constat.

304 2458 399 2512 calcia
425 2458 448 2519 ξ.
473 2458 514 2519 33,
542 2458 617 2507 Latii
643 2459 707 2508 urbs
734 2457 763 2507 in

338 2541 454 2593 confinio
465 2540 629 2607 Campaniae
640 2542 675 2592 ad
687 2558 761 2593 oram

336 2628 497 2679 maritimam
505 2629 565 2687 sita,
576 2627 656 2678 hodie
666 2626 762 2680 Gcita.

307 2711 450 2769 calamliat
480 2713 503 2774 ξ.
526 2714 568 2774 25,
597 2714 631 2761 45
662 2718 703 2763 est
732 2711 762 2762 0.

335 2798 428 2849 Valeri
463 2797 571 2860 Triarii,
606 2797 690 2862 legati
730 2797 763 2846 L.

335 2883 452 2943 Luculli,
471 2882 561 2933 clades
578 2880 614 2932 ad
623 2881 715 2932 Zelam
733 2882 762 2932 in

335 2969 423 3019 Ponto
437 2972 548 3032 accepta
559 2983 586 3017 a.
599 2968 646 3031 6⁷3
659 2971 761 3033 septem

336 3053 412 3104 milia
423 3054 463 3102 ibi
477 3053 659 3111 Romanorum
679 3051 762 3101 occisi

336 3144 407 3204 sunt,
438 3137 609 3186 centuriones
634 3135 687 3198 cL,
714 3138 761 3186 tri·

336 3223 402 3272 buni
420 3221 536 3271 militum
552 3220 648 3270 XXIV.

303 3305 477 3375 cappadocia
502 3308 527 3369 5.
554 3306 578 3370 t,
609 3306 649 3366 21,
679 3304 760 3356 Asiae

335 3393 418 3458 regio,
442 3406 460 3442 a
479 3389 577 3440 Cilicia
601 3389 760 3454 septentrio·

335 3493 396 3528 nem
415 3493 510 3528 versus
528 3476 588 3526 sita.

303 3560 542 3628 cantapinlenaea
561 3563 585 3624 ς.
604 3561 645 3611 ol.

302 3646 437 3712 catiliano
467 3648 490 3708 t.
508 3647 549 3709 60,
579 3646 680 3697 nobilis
710 3647 760 3698 illa

337 3731 441 3782 Africae
466 3731 544 3793 urbs,
574 3732 681 3783 aemula
710 3732 758 3782 im·

846 641 916 706 perii
945 640 1069 701 Romani,
1100 639 1188 689 ‹leleta
1206 652 1224 689 a
1240 638 1270 689 P.

848 723 973 775 Cornelio
999 723 1125 789 Scipione
1143 722 1271 773 Africano

845 810 950 861 minore
967 824 993 859 a.
1013 810 1070 859 146.

812 906 840 965 o.
873 906 987 966 taealre
1019 908 1153 977 lanuinus
1183 906 1271 964 Verre

846 998 872 1059 5.
888 995 929 1058 68,
940 992 1034 1045 consul
1046 1010 1070 1045 a.
1085 995 1126 1057 13,
1139 993 1273 1060 pugnavit

845 1096 870 1130 a.
888 1080 920 1129 ’12
952 1078 1079 1130 adversus
1106 1079 1271 1145 Spartiatam,

845 1164 1020 1231 fugitivorum
1047 1164 1151 1229 ducem,
1178 1180 1196 1214 a
1219 1179 1271 1230 quo

845 1250 933 1300 victus
968 1254 1023 1310 est3
1058 1264 1083 1299 a.
1119 1250 1152 1299 66
1182 1247 1271 1316 legem

846 1333 989 1385 Mamiliam
1006 1335 1100 1385 suasit.

811 1416 923 1475 tainica
949 1435 975 1469 v.
1006 1417 1127 1474 intritae
1151 1416 1272 1475 catalus.

811 1502 966 1560 13181οδ1011
987 1501 1147 1571 (Kalamine
1163 1519 1185 1554 a.
1202 1502 1272 1554 Xois

844 1587 954 1656 κηδών),
979 1588 1123 1655 Bithyniae
1152 1588 1216 1639 urbs
1237 1585 1272 1640 ai

844 1675 1015 1741 Propontidis
1038 1688 1114 1724 oram
1145 1673 1272 1724 meridio·

845 1761 934 1811 nalem
963 1762 1016 1810 sita
1039 1775 1054 1807 e
1081 1759 1192 1825 regione
1216 1758 1271 1824 By·

845 1846 936 1895 nautii.

812 1927 907 1985 cinola
924 1931 949 1993 ἦ.
966 1930 1009 1993 85,
1027 1930 1069 1995 64,
1091 1932 1167 1996 regio
1190 1930 1272 1981 Asiae

805 2008 806 2011 '
845 2013 917 2065 inira
945 2015 1065 2066 Taurum
1094 2020 1211 2066 montem
1237 2014 1273 2066 ad

845 2114 919 2149 mare
945 2100 1081 2151 internum
1107 2102 1167 2166 sita,
1194 2117 1271 2168 prae·

846 2184 927 2251 cipua
943 2184 1092 2251 piratarum
1110 2185 1197 2241 sedes.

812 2285 911 2344 timor!
930 2290 953 2351 5.
965 2288 1006 2349 60,
1025 2286 1186 2339 Germaniae
1196 2303 1270 2353 gena,

847 2373 998 2439 complures
1023 2371 1157 2424 exercitus
1174 2371 1271 2423 Roma·

846 2473 895 2508 nos
906 2458 1034 2507 maximos
1044 2457 1271 2520 fuderunt‚veluti

846 2541 881 2592 ad
892 2542 1020 2593 Noreiam
1032 2557 1057 2592 a.
1070 2543 1119 2590 113
1132 2543 1161 2591 in
1173 2542 1271 2594 Norico

846 2631 873 2677 et
890 2625 926 2677 ad
937 2626 1116 2677 Arausionem
1133 2641 1158 2676 a
1172 2626 1222 2675 105
1240 2626 1269 2676 in

846 2709 944 2773 Gallia,
970 2711 1010 2761 ita
1035 2716 1065 2760 ut
1095 2710 1128 2761 de
1158 2711 1271 2776 imperio

844 2797 899 2845 iam
918 2800 945 2846 et
957 2794 991 2845 (ie
1002 2795 1128 2846 libertate
1146 2797 1271 2847 timerent

843 2879 968 2930 Romani
1009 2879 1064 2930 Sed
1097 2881 1139 2930 illi
1173 2895 1271 2947 magna

845 2964 952 3016 Galliae
977 2969 1054 3031 parte
1087 2970 1195 3016 vastata
1223 2980 1272 3031 per

844 3050 943 3100 saltum
960 3051 990 3099 in
1001 3051 1163 3117 Hispaniam
1181 3056 1269 3103 trans·

844 3135 929 3200 gressi
964 3134 1057 3199 ibique
1093 3136 1179 3186 multa
1209 3136 1271 3186 loca

843 3219 966 3286 populati
983 3235 1000 3270 a
1019 3218 1163 3271 celtiberia
1185 3220 1270 3286 fugati

844 3308 914 3355 sunt.
924 3304 993 3354 Tum
1002 3306 1106 3356 reversi
1114 3307 1142 3355 in
1151 3304 1269 3357 Galliam

843 3406 904 3441 oum
922 3390 1063 3454 Teutonis,
1081 3391 1147 3442 item
1160 3391 1269 3443 Germa·

843 3477 906 3526 nica
917 3475 950 3543 (i)
970 3480 1062 3540 gente,
1081 3491 1111 3526 se
1124 3477 1269 3527 coniunxe-

842 3566 913 3611 runt.
927 3560 980 3611 Sed
992 3560 1103 3622 Marius,
1124 3561 1168 3610 cui
1187 3562 1267 3612 inter·

843 3661 875 3697 ea
892 3650 1001 3711 propter
1018 3650 1119 3695 metum
1139 3645 1267 3696 Cimbrici

842 3730 910 3781 belli
934 3730 1104 3782 continuatus
1127 3746 1175 3795 per
1198 3744 1266 3781 com·
