3150 4375
599 463 678 516 cre.
697 466 791 516 o-n.
810 462 834 521 s.
852 464 963 515 as-so.
1224 459 1265 526 15

290 639 491 726 praeceptis,
530 635 591 701 sed
624 636 693 701 suis
724 636 886 721 imperiis,
923 655 991 699 uon
1026 633 1263 699 offensionibus

291 741 382 825 belli,
416 740 476 805 sed
498 740 662 821 victoriis,
690 759 759 802 non
782 736 971 822 stipendiis,
1005 736 1065 801 sed
1087 734 1263 820 triumphis

291 854 342 909 est
365 842 508 909 erudita.
532 840 631 924 Quod
654 840 797 925 denique
820 860 925 923 genus
942 861 1016 904 esse
1038 838 1119 904 belli
1143 845 1264 923 potest,

291 949 326 1012 in
348 967 412 1031 quo
436 944 530 1009 illum
552 967 619 1009 non
643 945 832 1008 exorauerit
854 944 990 1008 fortuna
1013 943 1063 1007 rei
1085 937 1265 1027 publicae?

268 1047 414 1130 sOivile,
457 1046 672 1129 Africanum,
709 1045 989 1131 Transalpinam,
1026 1044 1263 1131 Hispaniense,

291 1148 422 1230 servile,
445 1149 568 1215 navale
590 1148 725 1231 bellum,
748 1150 846 1213 varia
869 1160 903 1213 et
926 1148 1061 1213 diversa
1084 1168 1209 1231 genera
1231 1154 1265 1210 et

289 1252 454 1318 bellorum
477 1262 509 1315 et
532 1251 688 1333 hostium,
711 1272 779 1315 non
804 1249 910 1314 solum
933 1258 1030 1332 gesta
1048 1249 1090 1313 ab
1106 1250 1169 1312 hoo
1185 1269 1262 1330 uno,

291 1355 351 1420 sed
374 1356 477 1419 etiam
499 1353 656 1418 eonfeeta
685 1350 815 1416 nullam
837 1373 908 1416 rem
930 1373 1005 1416 esse
1029 1349 1205 1416 declarant
1227 1350 1262 1414 in

289 1480 351 1524 usu
380 1456 527 1542 positam
553 1454 704 1537 militari,
739 1475 825 1540 quae
858 1453 957 1519 huius
992 1455 1056 1518 viri
1086 1455 1262 1520 seientiam

255 1562 404 1645 refugere
425 1560 543 1644 possit.
958 1625 965 1639 ¹

390 1663 463 1726 Iam
489 1684 569 1726 vero
603 1662 754 1726 virtuti
777 1659 838 1726 On.
862 1660 1000 1746 Pompei
1033 1682 1119 1746 quae
1150 1635 1302 1758 potestJ,¹

289 1765 396 1828 oratio
419 1783 481 1847 par
503 1762 671 1826 inveniri?
705 1760 796 1841 Quid
819 1771 869 1825 est
893 1762 983 1846 quod
1006 1764 1181 1848 quisquam
1204 1771 1261 1827 aut

287 1865 346 1930 illo
370 1865 509 1949 dignum
538 1876 598 1933 aut
624 1864 722 1930 vobis
745 1886 869 1930 novum
902 1875 961 1930 aut
984 1868 1141 1952 cuiquam
1168 1869 1260 1931 inau-

289 1968 396 2033 ditum
417 1969 525 2053 possit
549 1967 705 2034 adferre?
727 1966 845 2053 Neque
868 1969 956 2033 enim
979 1967 1060 2034 illae
1076 1978 1153 2034 suut
1169 1968 1261 2033 solae

253 2093 279 2135 rs
287 2071 429 2134 virtutes
442 2072 690 2154 imperatoriae,
700 2091 786 2155 quae
799 2069 900 2153 vulgo
910 2072 1157 2153 existimantur,
1165 2070 1261 2136 labor

287 2174 322 2237 in
354 2172 513 2255 negotiis,
551 2170 714 2238 fortitudo
748 2172 784 2236 in
817 2170 987 2257 perieulis,
1026 2173 1192 2238 industria
1226 2175 1260 2238 in

286 2273 428 2358 agendo,
452 2273 608 2339 celeritas
631 2275 667 2339 in
690 2275 911 2359 conficiendo,
935 2274 1114 2341 eonsilium
1135 2277 1171 2339 in
1186 2296 1259 2360 pro·

285 2375 441 2459 videndo,
476 2399 561 2462 quae
585 2386 682 2443 tanta
706 2387 784 2442 sunt
813 2380 848 2442 in
870 2378 935 2443 hoo
958 2400 1035 2460 uno,
1070 2388 1197 2463 quanta
1225 2378 1260 2442 in

287 2478 440 2546 omnibus
464 2478 603 2562 reliquis
627 2479 895 2562 imperatoribus,
927 2502 1008 2563 quos
1033 2490 1092 2543 aut
1114 2479 1259 2545 vidimus

250 2605 278 2646 ao
288 2591 345 2649 aut
361 2579 562 2662 audivimus,
578 2601 645 2643 non
660 2580 805 2644 fuerunt.
829 2579 941 2644 Testis
959 2590 1009 2644 est
1025 2581 1137 2663 Italia,
1161 2604 1259 2666 quam
1269 2602 1294 2642 so

285 2684 343 2749 ille
366 2685 438 2766 ipse
461 2684 572 2747 vietor
593 2682 634 2746 L.
658 2681 753 2748 Sulla
781 2681 880 2746 huius
903 2684 1030 2747 virtute
1053 2692 1086 2747 et
1110 2682 1259 2747 subsidio

285 2786 458 2852 confessus
483 2793 534 2848 est
556 2783 752 2866 liberatam3
789 2784 888 2849 testis
919 2794 971 2849 est
999 2783 1127 2868 Sicilia,
1162 2807 1258 2871 quam
1365 2832 1369 2840 .

284 2887 399 2953 multis
422 2886 570 2972 undique
593 2886 741 2952 einotam
764 2885 924 2971 perieulis
940 2909 1008 2952 non
1023 2895 1152 2954 terrore
1166 2887 1258 2971 belli,

285 2990 345 3056 sed
367 2989 506 3072 consilii⁴
525 2987 701 3054 eeleritate
724 2987 926 3073 explicavit,
949 2990 1047 3054 testis
1065 2999 1115 3055 ost
1132 2990 1258 3074 Africa,

250 3113 371 3178 aquae
393 3093 526 3175 magnis
551 3113 711 3176 oppressa
732 3090 881 3156 hostium
903 3094 1010 3177 oopiis
1034 3115 1148 3158 eorum
1170 3095 1257 3179 ipso·

284 3215 357 3258 rum
386 3194 551 3275 sanguine
578 3193 798 3275 redundavit3
832 3195 929 3259 testis
961 3203 1011 3259 est
1041 3192 1165 3277 Gallia,
1198 3217 1258 3281 per

284 3317 384 3382 quam
395 3293 584 3377 legionibus
601 3297 726 3361 nostris
742 3297 807 3360 iter
819 3297 854 3360 in
867 3295 1070 3382 Hispaniam
1083 3295 1256 3364 Gallorum

284 3402 505 3467 internecione
532 3391 741 3484 patefactum
769 3409 837 3483 est,
871 3403 969 3466 testis
998 3411 1049 3467 est
1079 3402 1255 3486 Hispania,

284 3520 369 3585 quae
393 3503 589 3586 saepissime
611 3502 773 3588 plurimos
796 3502 910 3569 hostes
934 3504 978 3570 ab
1001 3504 1064 3570 hoo
1080 3513 1254 3591 superatos

247 3623 275 3663 ao
283 3612 535 3689 prostratosque
557 3607 751 3690 conspexit,
784 3608 884 3671 testis
908 3617 961 3672 est
982 3607 1103 3674 iterum
1127 3618 1160 3672 et
1183 3628 1252 3670 sae·

282 3705 356 3788 pius
379 3704 492 3787 Italia,
522 3729 608 3792 quae
636 3729 711 3772 eum
740 3706 856 3772 servili
880 3707 968 3774 bello
991 3718 1101 3773 taetro
1125 3709 1252 3793 pericu·
