3150 4375
536 1169 1016 1270 incunabulum.
1081 1274 1083 1277 φ
1185 1153 1223 1241 Γ

291 1442 1260 1513 ΑωηῆὴωωωΑψωωηῶηω

324 1551 413 1585 nesus·

295 1644 334 1707 tt'.
362 1649 466 1706 Atilius
497 1650 606 1705 Glabrio
637 1654 660 1713 5.
680 1649 751 1717 26,¹)

805 1548 807 1553 ·
837 1534 918 1582 maris
928 1533 1026 1583 interni
1035 1533 1107 1582 intra
1119 1528 1260 1581 Graeciam

838 1623 864 1666 et
881 1619 973 1668 Asiam
991 1618 1129 1668 minorem.
1222 1680 1224 1684 ἢ

325 1736 420 1787 consul
437 1752 462 1786 a.
473 1737 515 1797 61,
533 1751 594 1785 cum
606 1736 638 1786 L,
650 1735 750 1786 Lucul.
803 1718 894 1773 Aetoli
912 1721 934 1781 ἓ.
955 1720 995 1780 14,
1013 1720 1119 1770 incolae
1130 1718 1260 1781 Aetoliae,

325 1823 376 1883 lus,
404 1838 483 1887 quem
518 1837 580 1887 pars
616 1821 749 1871 exercitus

324 1907 478 1972 reliquerat,
498 1922 515 1955 a
532 1907 605 1957 bello
620 1910 750 1958 avocatus

326 1998 403 2052 esset,
422 1993 450 2039 in
469 1989 624 2055 Bithyniam
642 1990 748 2055 provin·

326 2078 396 2127 ciam
413 2077 511 2126 missua
530 2079 579 2124 est.
614 2072 668 2123 Sed
686 2071 748 2123 Gla-

324 2163 382 2214 brio
407 2178 440 2214 ea
464 2166 521 2213 erat
546 2160 644 2210 inertia
667 2162 749 2227 atque

325 2250 455 2309 socordia,
468 2253 498 2297 ut
507 2245 690 2295 Mithridatem
702 2259 749 2309 ag·

325 2334 400 2399 gredi
435 2348 488 2383 non
521 2331 639 2391 auderet,
676 2330 748 2395 quod

325 2435 378 2468 uon
396 2419 461 2468 satis
480 2423 590 2482 paratus
616 2420 688 2465 esset
713 2414 748 2463 ad

325 2507 428 2553 tantum
458 2501 561 2551 bellum
593 2498 748 2564 gerendum.
770 2533 776 2562 ,o

324 2590 419 2654 ltaque
438 2603 453 2638 o
470 2586 627 2653 provinciae
649 2583 747 2634 finibus

324 2688 377 2721 non
396 2673 519 2722 excessit.
537 2670 613 2730 Quae
631 2684 692 2719 cum
709 2669 749 2719 ita

324 2761 422 2822 essent,
440 2756 520 2806 amici
538 2754 650 2820 Pompei
673 2753 749 2804 facili

262 2902 265 2910 Ι
323 2841 432 2907 negotio
451 2840 592 2891 effecturos
610 2853 640 2890 se
658 2853 747 2904 spera·

837 1818 906 1869 quae
933 1802 1063 1853 Graeciae
1090 1803 1165 1868 regio
1191 1802 1261 1851 inter

835 1888 1023 1949 Acarnaniam,
1032 1885 1258 1954 Epirumuoerin

837 1974 889 2023 sita
901 1978 950 2023 est.
968 1972 1059 2025 Aetoli
1075 1970 1260 2038 postmortem

836 2057 983 2108 Alexandri
1028 2057 1122 2121 Magni
1167 2054 1260 2128 foedus

836 2141 987 2193 Aetolicum
1010 2142 1135 2193 inierant.
1161 2155 1186 2191 a.
1212 2140 1258 2191 191

835 2226 998 2277 Antiochum
1011 2228 1148 2292 Magnum,
1168 2226 1259 2292 Syriae

834 2328 934 2378 regem,
959 2312 994 2362 ad
1011 2311 1113 2363 bellum
1132 2311 1259 2361 Romanis

835 2396 1003 2447 inferendum
1032 2398 1216 2448 excitaverunt
1234 2400 1260 2446 et

835 2496 890 2530 una
913 2497 973 2531 cum
994 2481 1127 2532 Antiocho
1155 2482 1259 2547 aliquot

836 2563 965 2615 Graeciae
983 2566 1064 2616 urbes
1081 2565 1187 2616 foedere
1207 2565 1258 2616 Ro·

835 2651 921 2699 manis
951 2651 1106 2701 coniunctas
1138 2648 1259 2717 aggressi

836 2739 906 2784 sunt.
926 2734 999 2796 Quos
1017 2736 1125 2801 subegit
1140 2736 1177 2789 M.
1195 2734 1259 2785 Ful·

835 2820 896 2870 vius
908 2819 1032 2871 Nobilior
1049 2820 1144 2872 consul
1162 2836 1186 2871 a
1202 2820 1257 2870 189.

323 2927 398 2988 bant,
415 2931 446 2975 ut
463 2925 505 2974 1111
527 2924 668 2989 imperium
681 2923 748 2974 belli
800 2920 895 2978 Africa
930 2924 955 2986 §-
976 2923 1018 2988 30,
1045 2923 1086 2986 34,
1117 2925 1157 2987 61,
1187 2923 1213 2974 h.
1236 2939 1258 2976 e.

324 3009 502 3058 Mithridatici
514 3009 694 3060 mandaretur.
706 3009 748 3059 Ci-

323 3095 427 3143 ceronis
455 3093 488 3144 de
516 3093 662 3143 Glabrione
680 3093 748 3142 iudi·

324 3178 394 3227 cium
413 3178 495 3243 paulo
513 3176 601 3227 lenius
620 3183 669 3228 est.
696 3182 698 3184 ’

357 3432 379 3500 ι)
394 3433 465 3485 idem
489 3434 657 3500 significatur
678 3436 702 3498 ς.
731 3435 747 3483 h

288 3517 351 3571 laic
363 3516 411 3585 qai
427 3519 592 3582 successerit,
610 3519 747 3572 nonsatis

289 3618 344 3657 esee
360 3607 498 3669 paratum,
517 3607 540 3666 ξ.
553 3606 586 3657 26
599 3619 685 3658 noma
696 3604 746 3656 im-

285 3693 409 3756 perator.
542 3677 544 3680 ⁴

835 3009 926 3060 Africa
969 3010 1109 3074 provincia
1143 3025 1167 3060 a.
1210 3009 1259 3059 146

835 3094 924 3145 deleta
942 3094 1104 3160 Carthagine
1121 3095 1258 3144 Romanae

836 3180 950 3231 dicionis
993 3181 1082 3241 facta,
1130 3178 1259 3246 quidquid

835 3265 970 3330 quondam
995 3264 1257 3331 Carthaginiensium

835 3351 930 3414 fuerat,
959 3349 1202 3415 complectebatur;
1232 3365 1256 3400 a.

834 3437 868 3486 46
886 3436 991 3486 demum
1008 3439 1069 3501 post
1086 3450 1205 3501 pugnam
1222 3433 1258 3493 ad

833 3521 969 3587 Thapsum
989 3522 1156 3570 commissam
1168 3535 1216 3571 acc

833 3606 869 3655 sit
903 3605 989 3656 altera
1029 3606 1168 3672 provincia

833 3690 924 3740 midia.
1175 3705 1178 3709 ’

1105 3791 1140 3842 gs
