3150 4375
283 437 284 440 '
338 448 380 513 32
593 449 644 500 nc
660 449 814 501 ruarmo
833 448 888 503 cu.
905 450 1052 502 rourm.

338 628 460 703 tamen,
485 623 551 686 nisi
575 624 638 687 erit
661 621 759 703 idem,
782 624 839 708 qni
862 645 899 688 so
922 646 943 688 a
964 624 1115 708 pecuniis
1133 623 1308 702 sociorum,

338 725 394 808 qui
417 722 461 788 ab
485 745 597 788 corum
621 724 821 806 coningibus
845 746 885 789 ac
909 724 1035 808 liberis,
1067 726 1122 810 qui
1145 723 1188 789 ab
1212 714 1307 789 orna·

338 828 459 890 mentis
493 826 647 892 fanorum
680 835 781 912 atque
820 827 1024 912 oppidorum,
1059 829 1115 912 qui
1149 826 1192 891 ab
1227 845 1308 891 auro

339 948 490 1012 gazaque
523 930 618 1011 regia
650 950 779 1003 manus,
814 929 938 1012 oculos,
973 932 1119 994 animum
1153 927 1309 993 cohibere

338 1033 454 1115 possit,
477 1052 544 1095 non
567 1033 631 1095 erit
653 1031 804 1114 idoneus,
828 1034 885 1117 qui
908 1031 953 1096 ad
975 1031 1097 1097 bellum
1120 1031 1331 1101 Asiaticums

305 1152 330 1193 ss
340 1126 531 1218 regiumque
553 1134 717 1200 mittatur.
739 1133 891 1220 Ecquam
912 1136 1040 1219 putatis
1063 1134 1236 1197 civitatem
1250 1153 1308 1217 pa·

339 1244 452 1300 catam
473 1236 683 1321 fuisse,quao
698 1236 846 1322 locuples
871 1236 938 1301 sit?
962 1257 1099 1321 ecquam
1123 1258 1196 1300 csse
1218 1234 1308 1299 locu·

339 1337 470 1423 plctem,
494 1360 580 1423 quae
602 1340 678 1405 istis
700 1350 826 1424 pacata
850 1362 923 1403 esse
946 1338 1125 1404 videatur?
1148 1337 1217 1402 Ora
1240 1359 1306 1401 ma·

339 1441 463 1523 ritima,
487 1439 645 1522 Quirites,
669 1438 730 1506 Cn.
742 1441 935 1526 Pompeium
957 1463 1023 1505 non
1047 1438 1152 1505 solum
1174 1448 1310 1525 propter

339 1544 389 1607 rei
422 1542 578 1608 militaris
613 1542 765 1627 gloriam,
801 1544 862 1609 sed
895 1544 996 1608 etiam
1032 1550 1168 1628 propter
1205 1543 1343 1612 animiro

340 1649 582 1712 continentiam
609 1650 795 1733 requisivit.
833 1647 982 1713 Videbat
1016 1648 1104 1711 enim
1136 1654 1308 1731 praetores

340 1748 538 1833 locupletari
561 1751 740 1836 quotannis
762 1752 907 1835 pecunia
928 1748 1065 1835 publica
1080 1758 1214 1833 praeter
1228 1769 1308 1833 pau·

340 1872 408 1933 cos,
440 1873 548 1937 nequa
575 1874 637 1917 nos
666 1854 843 1939 quicquam
870 1852 964 1916 aliud
987 1851 1127 1936 adsequi
1150 1850 1309 1914 classium

340 1955 482 2038 nomine,
505 1958 572 2020 nisi
594 1965 631 2019 ut
656 1955 865 2020 detrimentis
889 1953 1095 2039 accipiendis
1111 1954 1237 2016 maiore
1253 1950 1309 2015 ad·

340 2056 394 2119 fici
422 2056 630 2142 turpitudine
657 2056 857 2122 videremur.
902 2057 998 2123 Nunc
1029 2078 1094 2141 qua
1122 2054 1309 2141 cupiditate
1318 2082 1342 2121 rs

340 2158 489 2224 homines
518 2161 551 2224 in
578 2160 770 2245 provincias
800 2169 832 2226 et
862 2159 982 2246 quibus
1006 2160 1156 2239 iacturis,
1189 2155 1309 2243 quibus

317 2262 319 2267 ’
340 2261 594 2326 condicionibus
607 2262 876 2348 proficiscantur,
892 2264 1050 2344 ignorant
1066 2260 1226 2324 videlicet
1241 2259 1310 2342 isti,

340 2365 396 2448 qui
420 2363 465 2426 ad
486 2385 586 2428 unum
612 2363 793 2429 deferenda
816 2365 929 2429 omnia
956 2384 1029 2428 esse
1056 2384 1123 2427 non
1145 2361 1311 2426 arbitran-

341 2475 412 2547 tur3
441 2466 640 2550 quasivero
663 2462 724 2529 Cn.
746 2465 939 2550 Pompeium
965 2485 1034 2529 non
1055 2485 1130 2529 cum
1152 2465 1221 2528 suis
1244 2463 1309 2526 vir·

342 2566 480 2650 tutibus,
502 2575 574 2630 tum
590 2567 691 2631 etiam
707 2566 828 2632 alienis
845 2567 939 2632 vitiis
954 2586 1112 2648 magnum
1128 2587 1202 2630 esse
1216 2564 1343 2632 vide-ro

308 2684 445 2734 namus.
484 2669 596 2749 Quare
622 2666 727 2733 nolite
756 2667 923 2751 dubitare,
957 2669 1037 2753 quin
1060 2667 1136 2732 huic
1158 2668 1218 2731 uni
1239 2688 1309 2732 cre·

343 2772 430 2836 datis
455 2772 575 2853 omnia,
610 2772 667 2855 qui
700 2771 788 2835 inter
820 2779 872 2835 tot
906 2791 1013 2835 annos
1041 2791 1126 2834 unus
1153 2770 1309 2834 inventus

342 2875 397 2951 sit,
419 2895 517 2958 quem
533 2873 616 2937 socii
638 2874 673 2937 in
689 2870 789 2936 urbes
814 2894 891 2937 suas
915 2894 989 2938 cum
1014 2872 1166 2936 exercitu
1179 2872 1310 2935 venisse

342 2976 523 3058 gaudeant.

445 3076 574 3159 Quodsi
596 3074 857 3142 auctoritatibus
872 3074 961 3140 hanc
977 3097 1125 3158 causam,
1150 3075 1308 3157 Quirites,
1318 3101 1343 3141 as

342 3179 605 3246 confirmandam
627 3179 764 3264 putatis,
797 3187 850 3242 est
871 3177 968 3242 vobis
991 3188 1111 3242 auctor
1136 3180 1185 3242 vir
1208 3177 1309 3243 bello·

342 3305 416 3348 rum
444 3283 591 3346 omnium
618 3282 905 3365 maximarumque
939 3301 1048 3344 rerum
1076 3281 1308 3365 peritissimus,

341 3385 378 3449 P.
398 3383 569 3464 Servilius,
594 3386 687 3450 cuius
711 3393 828 3449 tantae
851 3404 904 3447 res
922 3390 1039 3464 gestae
1054 3390 1145 3446 terra
1161 3382 1310 3465 marique

344 3491 556 3570 exstiterunt,
590 3497 627 3552 ut
657 3509 732 3552 cum
764 3487 806 3551 de
834 3483 923 3550 bello
954 3483 1158 3565 deliberatis,
1192 3492 1310 3548 auctor

343 3590 439 3657 vobis
473 3591 620 3674 gravior·
642 3610 738 3653 nemo
773 3608 848 3652 esse
882 3585 1020 3670 debeat3
1054 3594 1105 3650 est
1138 3583 1175 3649 O.
1199 3584 1344 3666 (lurion,

345 3695 479 3759 summis
502 3691 818 3794 vestrim-beneficiis
832 3690 1056 3773 maximisque
1077 3687 1176 3753 rebus
1193 3689 1310 3771 gestis,
