3150 4375
269 428 310 491 33
587 428 703 479 mnan
720 427 902 479 uoumuu.

302 615 393 681 plures
406 631 491 668 annos
510 622 552 667 cet
569 616 725 668 consulatus

302 700 336 749 ab
349 714 374 751 a.
388 701 446 764 104,
466 704 590 767 quamvis
608 703 727 752 obstaret

301 789 379 835 vetus
397 785 467 834 illud
483 787 655 852 plebiscitum
681 782 726 839 fae

303 868 363 935 quie
392 870 506 923 eundem
536 873 725 940 mapiatratum

302 953 380 1005 intra
394 953 425 1005 X
440 970 528 1009 aanor
547 956 673 1024 caperet,
690 958 725 1008 ad

301 1040 393 1104 Aquas
407 1040 511 1090 Sextias
529 1043 644 1105 primum
656 1044 725 1093 Teu·

301 1128 379 1175 tbuos
401 1140 425 1176 a.
444 1126 502 1189 102,
529 1126 628 1177 deinde
654 1143 725 1178 anno

300 1213 361 1274 post
391 1226 447 1261 una
479 1228 540 1262 cnm
566 1214 598 1275 Q.
631 1213 725 1265 Lutati

301 1294 391 1345 Catuli
416 1297 585 1361 proconsulis
606 1299 725 1348 exercitu

302 1378 424 1431 Cimbros
445 1382 481 1431 ad
498 1382 636 1445 Vercellas
659 1385 725 1433 vicit

301 1468 328 1512 et
345 1465 380 1514 ad
391 1466 603 1517 internecionem
615 1466 723 1517 delevit.

269 1581 349 1638 otrlle
362 1582 458 1638 bollum
473 1588 496 1647 §-
509 1587 550 1645 28,
569 1589 610 1635 est
621 1586 723 1636 bellum

301 1667 376 1731 illud,
406 1684 459 1733 quo
485 1670 517 1720 L.
545 1671 622 1721 Sulla
650 1672 722 1722 bello

299 1751 480 1804 Mithridatico
497 1756 582 1821 primo
601 1756 723 1808 confecto

302 1838 337 1905 (a.
350 1839 462 1906 87-84)
474 1841 502 1890 in
514 1842 621 1892 Italiam
634 1857 722 1893 rever-

298 1939 343 1974 sus
351 1925 486 1975 Marianos
497 1926 576 1989 fregit
584 1942 606 1977 a
613 1926 724 1976 83-82.

299 2008 350 2057 Oui
363 2025 396 2058 ex
409 2008 523 2061 Graecia
535 2011 658 2062 redeunti
671 2011 720 2061 Cn.

297 2093 443 2157 Pompeius
455 2095 615 2146 adulescens
628 2101 722 2147 coacto

298 2180 411 2246 privatis
439 2182 535 2247 opibus
557 2182 721 2233 voluntario·

297 2281 355 2316 rum
368 2269 487 2318 exercitu
499 2269 599 2320 auxilio
609 2270 683 2320 venit
695 2273 722 2319 et

297 2350 426 2400 adversus
441 2350 489 2403 On.
502 2353 641 2417 Papirium
657 2351 719 2403 Oar-

297 2435 395 2484 bonem
416 2438 570 2486 etMarium
590 2438 720 2487 minorem

295 2535 395 2586 magna
411 2537 473 2572 cum
484 2523 573 2588 gloria
582 2525 720 2588 pugnavit·

295 2607 319 2657 A
338 2606 414 2657 Sulla
430 2608 460 2657 in
478 2607 599 2657 Siciliam
622 2609 721 2659 missus

297 2693 331 2742 ad
348 2693 477 2758 reliquias
494 2695 612 2758 partium
623 2693 721 2742 Maria-

296 2794 389 2829 narum
408 2778 597 2844 opprimendas
609 2778 721 2844 Pompe·

810 616 842 678 Q.
869 616 978 666 Lutatio
1008 614 1104 667 Catulo
1131 616 1237 669 consuli

812 700 920 752 additus
955 706 996 752 est
1027 687 1088 752 cum
1123 702 1236 767 imperio

810 786 1236 853 extraordinarioOnPompeius.

808 870 928 934 Lepidus
946 871 981 922 ad
995 871 1091 924 Cosam
1108 874 1137 922 in
1154 873 1235 923 Etru·

808 954 850 1003 ria
872 956 960 1005 victus
981 971 1006 1006 a.
1025 959 1057 1006 ’Π
1075 958 1157 1008 Italia
1175 958 1235 1024 pul·

808 1054 854 1089 sus
881 1044 909 1089 et
930 1040 960 1089 in
984 1041 1110 1092 Sardinia
1135 1042 1235 1093 frustm

808 1121 911 1173 bellum
929 1123 1039 1176 molitus
1055 1128 1144 1191 periit.

775 1225 807 1280 it.
827 1224 953 1283 blandina
978 1225 1125 1284 tlarcellna
1148 1230 1172 1291 t.
1190 1229 1232 1290 47,

809 1327 928 1362 summus
954 1314 1107 1383 imperator,
1138 1316 1232 1365 consul

808 1410 833 1446 a.
843 1397 893 1445 222
903 1397 1068 1459 Virdomaro,
1078 1400 1231 1450 Insubrium

808 1478 884 1542 duce,
913 1482 1001 1531 occiso
1030 1484 1117 1547 spolia
1143 1490 1233 1550 opima

807 1560 888 1627 legit;
906 1563 978 1613 bello
990 1566 1094 1617 Punico
1112 1569 1231 1619 secundo

806 1647 843 1697 ad
859 1648 956 1699 Nolam
968 1650 1036 1701 vicit
1047 1652 1229 1704 Hannibalem

804 1732 888 1785 ‘abib
899 1737 925 1784 ct
934 1735 1037 1786 animos
1049 1736 1230 1788 Romanorum

806 1823 846 1869 tot
864 1818 987 1870 cladibus
1006 1823 1173 1886 gravissimis
1186 1821 1231 1871 ad·

805 1902 892 1953 flictoa
904 1904 1006 1969 primus
1025 1910 1117 1969 erexit,
1136 1912 1231 1972 postea

807 1987 888 2037 ctiam
901 1988 1065 2055 aliquotiens
1082 2006 1143 2041 cum
1155 1992 1229 2041 Han·

805 2072 896 2123 nibale
920 2090 1048 2140 prospero
1067 2080 1166 2127 eventu
1182 2092 1230 2141 pu·

806 2150 1230 2228 gnarit3‘qladtasRomaaorum'

801 2242 892 2294 dictus
910 2249 959 2293 est.
977 2260 1002 2295 a.
1012 2248 1062 2296 212
1082 2246 1231 2312 Syraciisas

805 2329 884 2393 cepit,
897 2343 922 2378 a.
935 2330 985 2379 208
1000 2332 1123 2396 quintum
1135 2332 1230 2381 consul

787 2413 877 2479 -apud
888 2414 1035 2465 Venusiam
1055 2414 1160 2466 insidiis
1179 2416 1230 2465 cir-

805 2504 963 2550 cumventus
1004 2500 1038 2550 ab
1073 2499 1230 2551 Hannibale

804 2584 909 2636 fortiter
920 2601 1044 2650 pugnans
1057 2586 1155 2636 cecidit
1173 2601 1229 2635 cor·

804 2684 908 2734 pasque
927 2671 985 2720 eius
997 2670 1136 2722 Hannibal
1153 2685 1230 2737 sepe·

804 2755 925 2806 liendum
944 2758 1057 2807 curavit.

295 2865 439 2914 ins'totar'n
457 2863 575 2915 insulam
592 2864 650 2913 sinc
665 2863 723 2913 u'lla
771 2839 870 2895 enlm
888 2839 912 2905 ξ·
931 2843 971 2904 33¹
995 2843 1059 2892 ΨΜ
1078 2841 1183 2893 cariae·

295 2949 351 2998 fere
370 2949 546 2999 dimicatione*
557 2949 634 2997 brevi
646 2963 721 2998 rece·

296 3036 342 3097 pit,
374 3033 420 3085 Cn.
450 3035 600 3084 Carbonem
627 3049 721 3083 consu·

295 3121 380 3168 larem
409 3125 516 3182 captum
541 3134 601 3168 cum
628 3125 721 3168 contu-

295 3204 379 3253 melia
390 3204 532 3253 interiecit.
550 3204 592 3251 De
607 3203 687 3253 rebus
705 3220 721 3254 a

295 3287 388 3352 Pomp.
402 3289 430 3336 in
448 3287 541 3337 Africa
559 3289 642 3353 gestis
659 3289 721 3338 vide

296 3371 492 3421 Africanum
505 3373 638 3426 bollum.
652 3396 684 3419 -r
697 3390 721 3423 a.
781 3423 784 3426 ,

298 3457 330 3506 '18
343 3472 402 3506 cum
416 3458 453 3506 M.
462 3458 593 3508 Aemilius
603 3459 721 3523 Lepidus

297 3541 391 3592 consul
414 3542 506 3592 Sullae
537 3546 635 3595 mortui
661 3550 722 3594 acta

298 3633 438 3678 conaretur
453 3629 614 3690 rescindere,
633 3629 720 3680 denuo

297 3713 399 3772 bellum
427 3715 507 3764 civile
525 3715 633 3764 exarsit.
651 3715 720 3764 Tum

771 2923 909 2992 Guldnbun
929 2928 954 2987 5.
971 2927 1014 2990 33,
1044 2926 1108 2976 urbs
1135 2928 1228 2977 Ioniae

805 3010 914 3060 nobilis.

774 3096 870 3152 cancul
901 3096 992 3163 populi
1018 3094 1126 3152 Reman!
1145 3097 1170 3160 t.
1183 3091 1229 3158 aa,

805 3184 883 3234 cuius
894 3191 1061 3234 nomentum
1076 3183 1135 3233 sine
1147 3181 1229 3231 dubio

805 3273 934 3318 noverant
949 3283 1049 3332 omnes,
1063 3268 1170 3333 ignotus
1184 3281 1229 3317 no·

804 3354 847 3404 bis
857 3359 910 3413 est3
920 3353 1019 3404 siletur
1024 3369 1120 3408 nomen
1130 3368 1147 3403 a
1155 3352 1228 3403 Cice·

804 3453 870 3488 rone
882 3438 917 3488 ad
925 3426 1079 3487 leniendam
1091 3439 1139 3498 rei,
1150 3452 1228 3503 quam

804 3527 1003 3585 commemorat,
1029 3523 1228 3590 turpitudinem.

772 3626 917 3683 (infinibile
936 3627 960 3690 ξ.
975 3628 1015 3690 11,
1032 3627 1098 3678 urbs
1110 3626 1228 3677 Achaiae

805 3713 841 3765 'ad
847 3713 978 3769 Isthmum
988 3714 1048 3776 sita,
1056 3728 1136 3778 quam
1147 3710 1227 3762 Grae·
