3150 4375
280 1270 368 1367 DE
408 1270 690 1369 IMPERIO
730 1270 828 1368 ΟΝ.
860 1270 1112 1370 POMPEI
1151 1271 1249 1368 AD

457 1426 764 1540 QUIRITES
809 1423 1070 1523 ORATIO.

596 1729 925 1797 ARGUMENTUM.

358 1839 360 1844 ’
377 1848 550 1915 Adversus
566 1851 798 1917 Mithridatem
813 1852 983 1935 Magnum,
1007 1851 1106 1914 Ponti
1122 1870 1246 1933 regern,

275 1970 350 2014 cum
364 1974 394 2014 a.
404 1951 446 2011 74
456 1952 581 2017 bellum
594 1964 800 2035 renovasset,
810 1957 904 2017 missi
914 1964 992 2018 sunt
1004 1977 1024 2016 a
1037 1962 1157 2017 senatu
1169 1975 1245 2018 con·

276 2052 365 2117 sules
381 2052 472 2116 illius
489 2055 570 2117 anni
587 2053 628 2117 L.
640 2053 794 2117 Licinius
806 2053 967 2116 Lucullus
984 2064 1016 2117 et
1032 2055 1076 2115 M.
1089 2052 1246 2117 Aurelius

275 2152 386 2220 Cotta.
424 2154 535 2242 Atque
563 2153 697 2222 Cottam
727 2153 861 2241 quidem
887 2176 949 2220 rex
977 2174 1079 2240 prope
1108 2151 1246 2218 Ohalce·

276 2257 421 2338 donem')
446 2258 583 2324 adortus
607 2269 698 2324 terra
713 2261 863 2344 marique
887 2259 1074 2344 superavit,
1098 2255 1157 2322 sed
1179 2256 1245 2321 Lu-

275 2361 382 2424 cullus
413 2363 597 2425 exereitum
625 2362 833 2426 Mithridatis
868 2362 912 2426 ad
943 2361 1117 2445 Cyzicum,
1147 2383 1244 2445 quam

275 2463 391 2527 urbem
406 2486 469 2528 rex
484 2463 672 2546 obsidebat,
696 2464 783 2527 ferro
801 2464 954 2547 fameque
972 2462 1105 2546 delevit,
1130 2463 1245 2527 urbem

276 2566 450 2630 obsidione
473 2566 642 2648 liberavit,
677 2565 821 2631 classem
848 2567 976 2648 regiam
1007 2566 1052 2630 ad
1074 2565 1245 2630 Tenedum

277 2669 443 2753 depressit
458 2670 488 2731 a.
501 2668 552 2750 73,
570 2668 802 2733 Mithridatem
818 2670 926 2753 ipsum
937 2667 1091 2732 cladibus
1104 2668 1246 2732 fractum

277 2773 387 2854 coegit
401 2773 435 2834 in
447 2771 598 2852 Pontum,
612 2771 689 2835 inde
703 2771 747 2836 ad
759 2771 941 2853 Tigranem
954 2791 1122 2854 generum,
1131 2769 1245 2834 Arme·

275 2875 352 2939 niae
366 2894 489 2956 regem,
505 2874 691 2958 profugere.
708 2875 891 2959 Utriusque
904 2884 1015 2938 alitem
1028 2875 1117 2956 regis
1131 2875 1246 2957 copias

275 2978 473 3040 coniunctas
498 2975 660 3040 Lucullus
692 2978 821 3058 ingenti
851 2976 977 3060 proelio
1008 2976 1053 3040 ad
1081 2975 1244 3057 Tigrano-

275 3088 403 3144 certam
419 3081 594 3143 commisso
610 3101 715 3163 parva
732 3101 833 3143 manu
848 3078 936 3142 fudit
949 3101 979 3143 a.
993 3077 1043 3141 69.
1060 3078 1123 3140 His
1140 3079 1245 3141 tantis

275 3181 374 3246 rebus
399 3183 504 3264 gestis
529 3203 676 3245 summus
699 3181 757 3244 ille
781 3183 963 3265 imperator
980 3181 1145 3245 seditione
1160 3179 1244 3244 mili·

274 3294 355 3367 tum,
389 3285 446 3368 qui
480 3285 573 3367 sequi
608 3304 682 3347 eum
711 3282 845 3366 longius
874 3282 1046 3365 nolebant,
1081 3283 1177 3366 quasi
1210 3283 1245 3345 in

274 3386 386 3452 media
408 3389 551 3452 victoria
575 3388 760 3451 consistere
784 3396 922 3452 coactus
947 3397 1008 3452 est.
1032 3385 1108 3450 Hae
1133 3393 1244 3450 autem

274 3490 416 3554 militum
438 3488 576 3553 licentia
611 3499 644 3553 et
677 3489 733 3553 Μ’.
758 3489 846 3555 Acili
872 3488 1075 3571 Glabrionis,
1100 3491 1156 3573 qui
1178 3488 1246 3551 Lu·

379 3678 398 3747 ¹)
415 3695 439 3732 v.
457 3679 575 3730 indicem
594 3695 616 3736 s.
634 3695 662 3735 v.

316 3770 397 3823 cicero,
414 3773 442 3815 de
456 3772 511 3826 turp.
527 3774 565 3817 Gn.
583 3777 685 3830 Pompei.
1122 3767 1146 3812 b
