3150 4375
270 3870 287 3908 Ι

304 449 326 509 4
555 446 606 496 nn
623 446 777 497 menam
796 446 851 499 cu.
870 414 1025 498 romena

281 601 298 719 Ξ
407 617 519 702 Atque
540 625 578 680 ut
601 616 680 680 inde
703 618 811 680 oratio
827 640 902 681 mea
918 618 1163 702 proficiscatur,
1186 619 1275 684 unde

306 721 389 786 haec
412 721 518 785 omnis
542 740 646 785 causa
671 718 814 800 ducitur,
849 718 972 785 bellum
1002 743 1105 805 grave
1134 730 1168 786 et
1190 723 1275 807 peri·

306 823 456 887 culosum
483 823 606 887 vestris
636 820 861 904 vectigalibus
896 843 936 886 ac
967 827 1065 889 sociis
1096 848 1117 890 a
1147 825 1275 891 duobus

305 926 548 1011 potentissimis
576 924 713 1006 regibus
745 924 896 1008 infertur,
928 924 1128 991 Mithridate
1159 938 1191 994 et
1221 927 1276 991 Ti·

306 1049 420 1110 grane,
445 1047 583 1111 quorum
598 1027 685 1091 alter
700 1027 849 1109 relictus,
874 1027 960 1093 alter
976 1029 1155 1094 lacessitus
1180 1050 1298 1094 occa-s

306 1131 433 1194 sionem
465 1127 530 1194 sibi
560 1128 605 1194 ad
628 1128 858 1213 occupandam
880 1129 998 1194 Asiam
1028 1130 1175 1197 oblatam
1204 1154 1278 1196 esse

306 1229 502 1296 arbitratur.
525 1229 706 1315 Equitibus
729 1230 899 1313 Romanis,
923 1231 1168 1297 honestissimis
1183 1235 1278 1314 viris,

306 1333 503 1400 adferuntur
519 1356 562 1397 ex
577 1332 662 1397 Asia
679 1333 805 1398 cotidie
820 1334 966 1417 litterae,
984 1357 1122 1421 quorum
1133 1356 1278 1418 magnae

306 1459 359 1501 res
397 1444 545 1519 aguntur
581 1437 617 1501 in
653 1437 777 1499 vestris
815 1436 1043 1518 vectigalibus
1081 1437 1278 1502 exercendis

307 1547 507 1623 occupatae,
545 1539 602 1622 qui
636 1537 680 1601 ad
713 1558 766 1601 me
799 1558 860 1622 pro
894 1539 1160 1619 necessitudine,
1194 1560 1314 1624 quaem

306 1640 388 1707 mihi
423 1649 473 1705 est
507 1660 584 1703 cum
618 1638 675 1703 illo
706 1637 836 1722 ordine,
870 1662 1009 1704 causam
1041 1642 1091 1705 rei
1124 1640 1280 1727 publicae

287 1743 522 1830 epericulaque
550 1761 661 1804 rerum
691 1760 827 1806 suarum
850 1740 1056 1807 detulerunt:
1089 1743 1280 1828 Bithyniae,

309 1868 395 1932 quae
417 1866 506 1910 nunc
521 1852 635 1909 vestra
658 1845 834 1927 provincia
851 1853 912 1926 est,
935 1846 1028 1908 vicos
1053 1854 1190 1910 exustos
1208 1868 1281 1910 esse
1349 1916 1351 1919 ,

309 1948 512 2032 complures,
545 1967 684 2028 regnum
707 1944 959 2026 Ariobarzanis,
995 1940 1084 2031 quod
1105 1948 1280 2012 finitimum

310 2061 362 2116 est
394 2050 517 2113 vestris
550 2046 787 2131 vectigalibus,
821 2056 928 2113 totum
962 2071 1036 2113 esse
1070 2051 1104 2114 in
1136 2050 1316 2114 hostiumn

309 2159 495 2241 potestate3
516 2148 558 2215 L.
574 2148 754 2215 Lucullum
769 2152 900 2233 magnis
924 2150 1024 2215 rebus
1048 2154 1153 2234 gestis
1177 2152 1219 2217 ab
1244 2172 1281 2216 eo

310 2256 400 2322 bello
436 2252 626 2334 discedere3
659 2252 737 2316 huic
773 2255 830 2336 qui
863 2255 1063 2316 successerit
1097 2275 1163 2316 non
1199 2254 1281 2317 satis

313 2380 386 2424 esse
408 2364 564 2441 paratum
594 2353 639 2417 ad
661 2362 794 2417 tantum
816 2351 941 2417 bellum
964 2353 1283 2436 administrandum3

312 2481 414 2525 unum
442 2457 485 2521 ab
510 2454 664 2521 omnibus
688 2456 789 2519 sociis
814 2463 846 2519 et
870 2455 1001 2520 civibus
1035 2455 1081 2520 ad
1102 2456 1139 2522 id
1160 2455 1285 2521 bellum

313 2563 547 2644 imperatorem
577 2556 712 2641 deposci
740 2565 842 2641 atque
871 2560 994 2641 expeti,
1029 2557 1170 2622 eundem
1197 2558 1319 2621 huncao

314 2684 415 2728 unum
438 2661 481 2725 ab
504 2659 658 2725 hostibus
682 2660 797 2739 metui,
820 2665 996 2741 praeterea
1019 2661 1193 2723 neminem.

294 2811 307 2850 Β
417 2762 528 2827 Causa
545 2784 630 2847 quae
653 2763 709 2843 sit,
733 2759 872 2842 videtis3
895 2781 995 2842 nuno,
1019 2761 1100 2845 quid
1119 2760 1286 2844 agendum

316 2869 370 2950 sit,
393 2864 616 2931 considerate.
640 2864 786 2926 Primum
802 2862 883 2926 mihi
906 2862 1041 2926 videtur
1066 2862 1112 2925 de
1135 2884 1286 2945 genere

314 2967 432 3050 belli,
468 2966 589 3031 deinde
623 2963 670 3028 de
699 2963 999 3048 magnitudine,
1034 2973 1104 3030 tum
1139 2963 1187 3029 de
1221 2966 1286 3030 im·

315 3081 512 3160 peratore
535 3067 760 3152 deligendo
785 3089 859 3132 esse
882 3066 1070 3132 dicendum.
1295 3088 1321 3128 a

419 3172 559 3238 Genus
589 3180 641 3236 est
668 3168 774 3235 belli
803 3169 997 3252 eiusmodi,
1033 3168 1121 3254 quod
1142 3172 1288 3234 maxime

317 3286 448 3344 vestros
465 3275 592 3340 animos
610 3273 761 3337 excitare
778 3281 878 3356 atque
895 3271 1101 3336 inflammare
1117 3271 1162 3336 ad
1176 3294 1287 3356 perse·

319 3377 443 3466 quendi
481 3376 629 3441 studium
667 3374 805 3439 debeat:
850 3377 884 3439 in
923 3397 987 3460 quo
1025 3377 1138 3457 agitur
1174 3372 1288 3458 populi

319 3482 462 3548 Romani
485 3479 603 3562 gloria,
627 3499 713 3562 quae
728 3476 823 3541 vobis
840 3499 860 3542 a
875 3477 1058 3542 maioribus
1074 3498 1150 3540 cum
1164 3495 1288 3556 magna

320 3587 355 3648 in
371 3580 524 3647 omnibus
540 3577 649 3660 rebus,
665 3587 736 3643 tum
755 3600 882 3642 summa
899 3580 933 3642 in
949 3601 985 3642 re
999 3576 1138 3642 militari
1161 3576 1288 3641 tradita
1298 3596 1323 3635 co

322 3694 389 3768 est3
424 3683 537 3766 agitur
560 3680 651 3746 salus
683 3681 849 3744 sociorum
877 3689 977 3764 atque
1005 3681 1197 3761 amicorum,
1229 3698 1288 3762 pro
