3150 4375
630 462 708 511 csP.
726 464 802 513 2-4.
821 459 844 518 ἓ.
862 463 938 511 4-9.
1258 458 1279 522 5

308 654 372 718 qua
401 633 505 697 multa
534 634 677 697 maiores
706 634 813 697 vestri
835 653 959 715 magna
984 640 1017 696 et
1040 632 1159 714 gravia
1191 628 1277 694 bella
1372 662 1373 666 =

307 745 501 819 gesserunt3
524 745 671 817 aguntur
686 737 876 800 certissima
891 733 1005 820 populi
1016 733 1159 798 Romani
1173 734 1277 823 vecti·

308 837 400 920 galia
429 848 471 923 et
489 840 647 921 maxima,
683 837 803 924 quibus
835 839 968 903 amissis
997 846 1030 903 et
1058 837 1152 921 pacis
1182 856 1278 900 orna·

307 948 420 1004 menta
444 949 476 1004 et
500 940 653 1006 subsidia
676 940 758 1006 belli
780 941 976 1025 requiretis3
1014 949 1161 1022 aguntur
1189 936 1279 1002 bona

287 1040 487 1112 smultorum
509 1045 643 1126 civium,
678 1043 799 1129 quibus
828 1051 880 1108 cst
908 1065 929 1109 a
957 1041 1052 1106 vobis
1076 1049 1110 1105 et
1132 1042 1279 1125 ipsorum

308 1153 340 1210 et
364 1144 592 1230 reipublicae
615 1167 719 1210 causa
743 1143 994 1209 consulendum.
1287 1198 1303 1249 3

408 1245 452 1310 Et
470 1250 626 1330 quoniam
643 1268 771 1330 semper
787 1252 985 1330 appetentes
1002 1245 1130 1326 gloriae
1146 1252 1300 1328 praetera

308 1358 438 1412 ceteras
462 1357 580 1431 gentes
609 1356 711 1433 atque
732 1347 825 1412 avidi
848 1345 959 1411 laudis
983 1346 1105 1427 fuistis,
1135 1342 1279 1409 delenda

309 1458 359 1514 est
381 1447 478 1514 vobis
503 1449 562 1515 illa
584 1449 719 1516 macula
741 1448 974 1516 Mithridatico
997 1447 1086 1513 bello
1110 1448 1279 1533 superiore

275 1581 300 1623 ro
309 1560 482 1635 concepta,
517 1573 601 1636 quae
631 1555 764 1638 penitus
794 1554 862 1616 iam
890 1549 1014 1615 insedit
1044 1571 1085 1616 ac
1107 1551 1206 1613 nimis
1230 1550 1278 1613 in·

308 1655 476 1716 veteravit
499 1655 534 1716 in
555 1654 670 1739 populi
693 1654 836 1718 Romani
859 1655 1003 1736 nomine,
1037 1651 1126 1737 quod
1148 1652 1189 1734 is,
1224 1652 1280 1735 qui

308 1776 373 1820 uno
392 1752 446 1818 die
462 1763 533 1819 tota
548 1756 584 1819 iu
600 1755 693 1835 Asia,
717 1764 768 1819 tot
790 1756 826 1818 in
849 1752 1057 1836 civitatibus,
1080 1776 1146 1818 uno
1161 1755 1278 1817 nuntio

309 1865 410 1941 atque
431 1879 499 1921 una
522 1856 770 1939 significatione
793 1854 983 1922 litterarum
1005 1858 1097 1919 cives
1112 1855 1280 1919 Romanos

310 1979 423 2022 omnes
446 1957 618 2022 necandos
635 1956 922 2044 trucidandosque
938 1958 1082 2039 curavit,
1104 1979 1171 2021 non
1182 1955 1280 2021 modo

278 2059 419 2129 „adhuc
441 2080 584 2142 poenam
607 2059 734 2123 nullam
750 2081 809 2122 suo
828 2059 965 2141 dignam
982 2058 1107 2124 scelere
1123 2060 1280 2143 suscepit,

312 2159 372 2224 sed
394 2159 437 2224 ab
461 2158 519 2224 illo
540 2168 689 2246 tempore
712 2182 837 2225 annum
859 2163 927 2226 iam
948 2163 1084 2226 tertium
1106 2170 1140 2227 et
1162 2162 1280 2226 vicesi-

230 2268 234 2275 '
309 2285 399 2328 mum
420 2272 552 2346 regnat,
576 2273 608 2328 et
631 2265 680 2329 ita
703 2272 834 2347 regnat,
858 2272 896 2328 ut
918 2285 955 2337 se
977 2286 1044 2329 non
1058 2264 1159 2329 Ponti
1173 2285 1280 2350 neque

310 2364 548 2451 Cappadociae
571 2364 713 2430 latebris
730 2366 903 2431 occultare
918 2365 1012 2449 velit,
1035 2365 1096 2431 sed
1111 2387 1281 2450 emergere

312 2489 354 2530 ex
369 2469 479 2550 patrio
503 2487 607 2548 regno
632 2476 733 2551 atquo
756 2470 791 2532 in
813 2469 936 2532 vestris
959 2469 1194 2550 vectigalibus,
1218 2469 1281 2536 hoc
1337 2461 1339 2470 ¹

277 2579 363 2637 coest
378 2569 413 2634 in
428 2567 533 2633 Asiae
549 2567 633 2651 luce,
657 2571 797 2633 versari.
820 2568 954 2633 Etenim
978 2568 1087 2634 adhuc
1109 2572 1159 2634 ita
1173 2574 1302 2637 nostris

311 2693 387 2736 cum
409 2669 468 2735 illo
491 2691 572 2752 rego
594 2670 840 2735 contenderunt
860 2673 1087 2754 imperatores,
1110 2683 1146 2737 ut
1163 2673 1280 2738 abillo

312 2773 459 2854 insignia
503 2774 685 2853 victoriae,
730 2794 797 2836 non
828 2775 1018 2847 ¹victoriam
1061 2785 1280 2860 reportarent.

311 2872 546 2959 Triumphauit
567 2873 607 2937 L.
631 2871 735 2955 Sulla,
765 2874 986 2961 triumphavit
1012 2875 1053 2942 L.
1076 2875 1216 2943 Murena
1240 2878 1282 2945 de

311 2975 520 3058 Mithridate,
556 2975 620 3039 duo
649 2976 824 3041 fortissimi
854 2980 920 3042 viri
943 2990 977 3044 et
1000 2983 1119 3046 summi
1141 2983 1281 3067 impera·

278 3088 412 3160 sstores,
443 3075 503 3142 sed
531 3079 579 3142 ita
608 3077 868 3161 triumpharunt,
891 3088 928 3143 ut
957 3079 1014 3144 ille
1040 3083 1156 3165 pulsus
1185 3106 1280 3168 supe·

312 3189 471 3262 ratusque
486 3188 655 3261 regnaret.
667 3179 792 3244 Verum
808 3190 921 3244 tamen
940 3181 1007 3246 illis
1024 3185 1281 3267 imperatoribus

311 3281 386 3346 laus
416 3289 466 3345 est
494 3279 684 3363 tribuenda,
720 3280 809 3365 quod
843 3293 1004 3367 egerunt,'
1028 3288 1127 3350 venia
1159 3288 1281 3370 danda,

312 3383 402 3470 quod
438 3383 654 3468 reliquerunt,
696 3394 873 3470 propterea
912 3388 1000 3471 quod
1037 3388 1080 3453 ab
1118 3411 1155 3454 eo
1193 3389 1280 3454 bello

313 3485 440 3550 Sullam
474 3488 507 3551 in
542 3485 678 3551 Italiam
712 3509 766 3551 res
800 3487 946 3572 publica,
982 3490 1157 3556 Murenam
1187 3492 1280 3559 Sulla

279 3591 495 3653 mrevocavit.

414 3688 629 3757 Mithridates
645 3701 759 3757 autem
774 3714 871 3758 omne
885 3695 1048 3780 reliquum
1069 3705 1198 3782 tempus
1214 3658 1328 3875 no*
