3150 4375
272 437 313 501 36
602 438 717 487 INDEX
734 438 915 490 NOMINUM.

271 622 427 680 Africanum
453 624 549 679 bellun
574 629 597 689 5.
617 626 659 689 28,
688 631 730 675 est

304 708 374 760 illud
391 710 501 773 bellum,
520 726 572 775 quo
593 709 641 759 Cn.
651 709 728 760 Pom·

305 796 390 860 peius,
401 811 418 844 a
429 795 461 844 1..
475 795 552 846 Sulla
570 796 599 843 in
613 794 729 845 Africam

305 881 600 945 missus,Marianarum
612 880 730 944 partium

302 964 445 1029 reliquias,
467 963 564 1028 quihus
586 964 728 1028 praeerant

306 1048 355 1099 (br.
372 1049 507 1098 Domitius
524 1049 729 1111 Ahenobarbus,

306 1132 407 1184 Cinnae
438 1149 529 1200 gener,
556 1139 584 1184 et
603 1135 729 1197 Hiarbas,

304 1215 447 1269 Numidiae
465 1234 521 1280 rex,
546 1220 678 1285 oppressit
695 1219 730 1270 ad

304 1303 411 1355 Uticam
430 1318 455 1354 a.
473 1305 515 1353 81.

270 1388 381 1445 Amittit
401 1392 425 1451 5.
442 1391 484 1450 21,
511 1390 575 1440 urbs
592 1390 674 1442 Ponti
699 1390 729 1439 in

304 1488 352 1524 ora
368 1475 450 1525 Ponti
466 1473 566 1525 Euxini
583 1476 642 1525 sita.

269 1574 421 1632 actitabas
445 1576 660 1643 ssapuue5.1t,
686 1576 728 1641 55,

817 642 878 678 sore
891 641 916 679 a.
928 628 979 677 311
992 629 1096 679 munita
1108 630 1142 679 ab
1155 628 1241 679 Roma

816 726 834 763 a
849 717 928 778 porta
940 711 1050 778 Capena
1061 728 1111 778 per
1127 710 1241 778 paludes

815 797 972 862 Pomptinas
999 798 1035 848 ad
1056 799 1239 858 Tarracinam,

815 882 878 933 inde
899 881 1028 947 Capuam,
1045 880 1139 948 Capua
1154 882 1239 931 Brun·

816 966 914 1016 disium
932 966 1045 1018 ferebat.

781 1050 986 1105 ariobarzanes
1002 1053 1026 1113 5.
1039 1051 1062 1113 5,
1079 1053 1118 1113 12,
1130 1055 1240 1101 senatus

816 1137 891 1186 iussu
912 1136 1101 1202 Cappadociae
1120 1152 1169 1187 rex
1185 1135 1241 1186 fac-

816 1226 860 1272 tus
885 1218 929 1271 'est
951 1221 1017 1271 aL.
1036 1219 1125 1286 Sulla3
1156 1233 1240 1285 regno

816 1305 945 1372 expulsus
966 1320 984 1356 a
1000 1306 1125 1372 Tigrane,
1146 1304 1240 1355 Arme·
1282 1291 1284 1296 ’

816 1392 878 1441 niae
902 1407 974 1456 rege,
994 1406 1017 1443 a.
1036 1392 1078 1451 99,
1095 1406 1113 1440 a
1134 1386 1239 1440 Mithri·

816 1476 876 1527 date
889 1491 914 1526 a.
923 1476 965 1537 88,
983 1475 1024 1537 67,
1042 1476 1181 1525 restitutus
1199 1475 1241 1523 est

815 1576 832 1612 a
850 1561 979 1611 Romanis
998 1575 1022 1610 a.
1042 1561 1083 1622 90,
1103 1561 1146 1623 84,
1164 1556 1204 1608 65.

306 1661 400 1726 Syriae
418 1677 474 1724 rex,
496 1661 627 1711 adversus
649 1676 728 1727 quem
779 1644 973 1708 1181894171
1002 1644 1043 1706 12,
1072 1645 1111 1704 18,
1138 1641 1239 1709 panim

303 1744 407 1797 bellum
415 1750 594 1812 susceperunt
604 1745 728 1811 Romani,

303 1836 441 1897 tamquam
475 1830 588 1881 iniurias
618 1836 645 1881 et
672 1831 729 1881 Eu·

304 1917 388 1980 meni,
399 1916 527 1981 Pergami
538 1918 604 1981 regi,
617 1921 645 1967 et
655 1915 727 1966 Rho-

305 2001 357 2051 diis
369 2002 450 2052 sociis
462 2000 552 2050 illatas
564 2000 727 2051 ulciscentes

303 2086 396 2138 a1aa.
413 2084 563 2135 Antiochus
575 2085 609 2134 ab
622 2084 727 2138 Aetolis

302 2172 332 2223 in
368 2169 511 2223 Graeciam
544 2175 660 2222 vocatus.
693 2170 727 2222 ad

303 2256 497 2323 Thermopylas
525 2258 613 2307 victus
641 2262 683 2308 est
711 2273 727 2307 a

303 2343 431 2393 Romanis
458 2357 483 2396 a.
511 2343 558 2391 191
587 2341 655 2392 duce
681 2341 728 2394 M)

302 2427 390 2477 Acilio
427 2425 573 2476 Glabrione
608 2427 727 2490 consule,

302 2513 400 2562 iterum
418 2525 442 2562 a.
460 2511 509 2561 190
526 2511 556 2560 in
572 2512 639 2563 Asia
655 2512 727 2578 apud

302 2597 469 2663 Magnesiam
496 2595 531 2646 ad
561 2595 683 2661 Sipylum
710 2612 727 2647 a

302 2683 334 2734 Ia.
352 2680 477 2733 Cornelio
497 2678 631 2746 Scipione,
654 2681 726 2731 Afri-

303 2767 366 2819 cani
382 2765 493 2817 maioris
514 2764 604 2816 tratre.
622 2765 725 2817 Eodem

302 2850 376 2903 bello
395 2850 491 2901 classis
508 2851 637 2902 Antiochi
654 2868 725 2903 com-

302 2936 425 3003 pluribus
447 2936 567 3001 proeliis‚
584 2936 671 2988 veluti
690 2938 725 2988 ad

303 3023 491 3089 Myonnesum,
496 3022 590 3072 Ioniae
600 3037 724 3086 promun-

301 3109 410 3169 turium,
420 3108 493 3157 victa
510 3110 552 3157 est
568 3120 586 3156 a
596 3106 725 3156 Romanis

302 3191 399 3259 (5115).
416 3193 474 3242 Pax
490 3190 555 3241 data
571 3191 630 3256 regi
647 3196 689 3241 est
700 3206 724 3241 a.

303 3277 352 3326 189
375 3290 409 3326 sa
431 3275 596 3337 condicione,
622 3280 652 3325 ut
670 3291 725 3325 om·

303 3359 382 3410 nibus
394 3359 464 3409 citra
475 3359 593 3409 Taurum
607 3364 725 3410 montem

300 3444 448 3511 provinciis
465 3442 581 3494 cederet.

187 3541 190 3545 ’
268 3546 354 3613 appla
371 3545 415 3600 vla
433 3546 457 3607 ἐ.
474 3545 516 3606 65,
543 3546 589 3596 via
607 3545 725 3597 celeber·

301 3633 378 3692 rima,
403 3624 512 3696 ‘rapina
541 3629 663 3692 viarum,
690 3630 724 3680 ab

301 3716 388 3780 Appio
416 3712 529 3764 Claudio
558 3712 645 3763 Caeco
664 3729 724 3764 cen·

814 1730 886 1781 idem
906 1729 978 1796 quod
994 1729 1059 1789 Asia
1076 1728 1170 1778 minor.

781 1814 920 1871 asiaticae
939 1813 1072 1881 pecuniae
1091 1813 1169 1875 519,
1188 1811 1239 1862 sci·

814 1899 879 1949 licet
906 1897 1121 1964 publicanorum,
1142 1897 1191 1948 ubi
1213 1911 1238 1945 r.

779 1980 928 2038 asiaticum
955 1982 1052 2037 beilum
1079 1983 1103 2045 5.
1132 1982 1173 2047 19,
1197 1980 1239 2040 64,

815 2067 887 2135 quod
900 2083 961 2118 cum
972 2066 1129 2117 Mithridate
1148 2080 1240 2132 gesse·

814 2157 878 2204 runt
915 2152 1032 2204 Romani
1071 2167 1097 2204 a.
1128 2150 1239 2213 88-84,

814 2235 1238 2307 (bellumMithridaticum

813 2323 974 2388 primum).

779 2405 959 2462 Athealenaes
984 2407 1007 2469 5.
1031 2404 1075 2469 tt,
1096 2405 1237 2471 imperium

815 2492 978 2542 maritimum
1013 2494 1157 2541 tenuerant
1190 2503 1238 2554 per

813 2578 987 2643 septuaginta
1008 2575 1064 2626 tere
1091 2590 1176 2625 annos
1203 2573 1237 2623 ab

814 2677 839 2713 a.
856 2661 906 2712 417
925 2661 960 2711 ad
978 2675 1003 2712 a.
1020 2659 1080 2710 406.
1094 2653 1238 2724 Ἀθηναῖοι

813 2743 900 2811 αὐτῆς
917 2742 1002 2812 μόνον
1022 2737 1109 2812 ἧρξαν
1121 2743 1171 2810 τῆς
1187 2759 1237 2793 πα-

814 2829 909 2897 ραλίου
945 2827 993 2881 καὶ
1028 2825 1092 2881 οὐδὲ
1137 2827 1238 2894 ταύτης

813 2913 931 2980 ἁπάσης,
948 2912 1015 2963 ἀλλὰ
1031 2911 1080 2978 τῆς
1097 2908 1173 2970 ἐντὸς
1184 2910 1237 2962 Εὐ-

811 2999 903 3064 ξείνου
927 3013 958 3050 τε
982 2995 1086 3049 πόντου
1116 2993 1162 3046 καὶ
1186 3000 1236 3046 τοῦ

811 3080 984 3153 Παμφυίλον
1011 3080 1156 3147 πελάγους,
1192 3073 1235 3132 ὅτε

811 3159 928 3237 potitura
972 3163 1235 3246 ἐθαλασσοκράτογν.

812 3255 928 3320 Dionysi
935 3251 1105 3318 Antiquitatt.
1122 3251 1235 3302 Roman.

811 3340 834 3391 1.
854 3341 880 3390 3.

778 3459 878 3514 Bellum
910 3455 1050 3511 marturum
1081 3459 1104 3519 5.
1131 3457 1164 3505 aa
1195 3461 1235 3506 est

811 3541 913 3594 bellum
925 3540 1080 3602 Marsicum,
1094 3540 1143 3591 uhi
1159 3540 1235 3596 viem

812 3630 837 3691 5.
856 3629 889 3678 69
914 3633 955 3678 est
976 3624 1161 3678 Sertorianum
1178 3623 1234 3676 bel·

811 3713 876 3779 lum,
894 3713 943 3763 uhi
959 3728 986 3763 r.
