3150 4375
331 440 371 505 14
582 435 634 487 nn
650 435 804 487 uffnruo
823 436 879 485 cu.
896 434 1043 485 ronam.

327 612 518 699 perspicite,
551 616 713 694 quantum
745 605 830 672 illud
857 606 983 674 bellum
1009 608 1136 674 laetum
1165 609 1299 693 putetis,

329 714 418 799 quod
439 712 648 793 coniungant
670 730 768 792 reges
791 709 1027 794 potentissimi,
1050 718 1211 776 renovent
1228 711 1299 794 agi·

328 824 423 882 tatae
443 815 610 894 nationes,
645 812 830 895 suscipiant
854 812 1008 894 integrae
1031 821 1159 894 gentes,
1192 834 1300 879 novus

328 920 511 1003 imperator
531 922 647 979 noster
669 914 818 999 accipiat
840 924 955 981 vetere
977 917 1129 981 exercitu
1151 914 1258 1001 pulso.

288 1003 321 1126 ¹2
431 1018 522 1085 Satis
544 1016 626 1083 mihi
648 1016 755 1081 multa
776 1015 882 1082 verba
904 1017 1026 1081 fecisse
1045 1017 1173 1102 videor,
1197 1039 1321 1103 quares

329 1133 419 1189 esset
440 1122 503 1186 hoe
519 1120 646 1186 bellum
669 1140 792 1203 genere
815 1122 887 1205 ipso
909 1120 1148 1199 necessarium,
1171 1122 1299 1203 magni-

328 1224 446 1292 tudine
460 1223 701 1310 periculosum
723 1230 830 1288 restat
851 1229 889 1288 ut
912 1221 960 1287 de
981 1222 1233 1307 imperatore
1255 1221 1300 1287 ad

329 1328 365 1393 id
379 1328 505 1394 bellum
529 1325 757 1409 deligendo
780 1347 821 1391 ac
836 1327 942 1392 tantis
958 1325 1059 1391 rebus
1074 1323 1300 1411 praeficiendo

330 1430 509 1496 dicendum
525 1452 598 1495 esse
612 1427 778 1493 videatur.
800 1428 949 1510 Utinam,
973 1428 1133 1509 Quirites,
1155 1429 1300 1493 virorum

328 1534 466 1598 fortium
478 1540 579 1616 atquo
591 1532 822 1595 innocentium
833 1531 1107 1612 copiamtantam
1117 1528 1299 1613 haberetis,
1310 1574 1335 1615 ω

328 1643 365 1700 ut
387 1633 472 1698 haec
493 1630 590 1696 vobis
615 1629 814 1696 deliberatio
839 1629 985 1695 difficilis
1002 1641 1102 1715 esset,
1125 1652 1301 1716 quemnam

329 1737 538 1822 potissimum
560 1734 666 1799 tantis
688 1731 789 1797 rebus
812 1754 854 1799 ac
875 1741 971 1800 tanto
993 1731 1083 1798 bello
1106 1736 1299 1818 praeficien-

330 1838 410 1903 dum
431 1836 612 1923 putaretis!
634 1836 731 1902 Nunc
753 1857 833 1900 vero
857 1857 931 1900 cum
954 1836 998 1901 sit
1020 1858 1107 1901 unus
1130 1834 1191 1901 Cn.
1206 1837 1299 1902 Pom·

328 1942 434 2027 psius,
468 1942 526 2025 qui
555 1961 622 2005 non
644 1938 742 2003 modo
771 1958 886 2003 eorum
913 1938 1092 2022 hominum,
1126 1941 1182 2025 qui
1211 1962 1299 2005 nunc

330 2053 419 2126 sunt,
453 2041 606 2125 gloriam,
641 2039 701 2105 sed
735 2042 838 2105 etiam
866 2042 1080 2128 antiquitatis
1108 2044 1300 2107 memoriam
1310 2085 1335 2126 ι,

329 2146 456 2211 virtute
486 2144 663 2230 superarit,
698 2164 783 2228 quae
816 2166 871 2210 res
895 2152 955 2228 est,
989 2166 1076 2231 quae
1105 2147 1300 2230 cuiusquam

297 2250 478 2314 ssanimum
501 2249 537 2311 in
558 2246 623 2310 hac
646 2268 751 2311 causa
775 2246 912 2311 dubium
933 2247 1045 2311 facere
1067 2248 1199 2332 possit?
1226 2248 1299 2329 Ego

331 2351 419 2414 enim
443 2349 492 2413 sic
516 2350 682 2428 existimo,
712 2349 746 2410 in
770 2368 896 2411 summo
918 2348 1121 2433 imperatore
1143 2358 1301 2435 quattuor

330 2450 1300 2536 hasresinesseoportere,scientiamreimilitaris,

330 2556 544 2634 virtutem,
568 2551 1173 2632 auctoritatem,felicitatem.
1309 2596 1335 2636 20

433 2656 517 2736 Quis
540 2655 644 2736 igitur
667 2651 729 2716 hoc
752 2651 886 2716 homine
910 2654 1117 2719 scientior
1144 2677 1300 2742 umquam

332 2767 390 2824 aut
401 2758 465 2822 luit
482 2766 541 2823 aut
556 2777 631 2821 esse
647 2753 785 2820 debuit?
801 2755 858 2840 qui
872 2777 891 2820 e
903 2755 981 2822 ludo
995 2764 1095 2842 atquo
1108 2780 1125 2822 e
1136 2761 1301 2843 pueritiae

334 2858 521 2944 disciplinis
543 2856 632 2922 bello
655 2858 803 2920 maximo
827 2865 929 2942 atque
953 2861 1124 2925 acerrimi-s
1147 2860 1300 2927 hostibus

332 2961 378 3026 ad
399 2961 507 3045 patris
531 2957 716 3023 exercitum
738 2965 841 3042 atque
863 2960 899 3023 in
921 2959 1063 3025 militiae
1088 2962 1300 3048 disciplinam

331 3062 499 3148 profectus
516 3069 584 3136 est3
599 3061 656 3145 qui
672 3068 823 3125 extrema
835 3061 981 3146 pueritia
993 3062 1089 3129 miles
1101 3066 1137 3129 in
1150 3069 1299 3135 exercitu
1309 3119 1335 3159 25

330 3166 395 3231 fuit
407 3164 528 3230 summi
538 3163 760 3247 imperatoris,
772 3163 910 3228 ineunte
922 3163 1154 3232 adulescentia
1162 3171 1300 3235 maximi

331 3269 404 3353 ipse
427 3267 595 3334 exereitus
618 3266 818 3350 imperator3
853 3266 909 3351 qui
938 3269 1071 3353 saepius
1100 3293 1175 3336 cum
1205 3271 1301 3337 hoste

332 3370 482 3434 conflixit
505 3391 605 3454 quam
628 3370 804 3455 quisquam
826 3390 900 3433 oum
924 3371 1058 3434 inimico
1082 3376 1300 3454 concertavit,

331 3471 428 3557 plura
462 3470 553 3536 bolla
587 3473 693 3555 gessit
728 3492 828 3556 quam
857 3474 961 3537 ceteri
989 3473 1153 3557 legerunt,
1187 3475 1299 3560 plures

334 3576 524 3660 provincias
548 3575 692 3641 confecit
709 3595 809 3659 quam
823 3572 884 3638 alii
899 3577 1180 3660 concupiverunt3
1203 3580 1336 3668 cuius³0

333 3676 563 3744 adulescentia
587 3676 632 3741 ad
655 3678 830 3743 scientiam
852 3679 901 3742 rei
923 3678 1081 3744 militaris
1097 3702 1163 3746 non
1180 3680 1299 3746 alienis
