3150 4375
597 446 713 498 merx
730 444 912 496 uournuu.
1200 447 1243 509 45

309 630 359 682 On.
375 631 496 696 Pompei,
522 631 571 697 qui
592 646 682 684 rerum
699 632 733 682 ab

308 714 370 765 aliis
388 721 524 780 gestarum
541 716 645 767 fructus
657 732 734 781 prae·

308 815 416 865 carpere
452 799 567 865 solebat,
601 799 734 851 Lucullus

307 884 341 934 ab
365 885 477 949 imperio
504 889 646 936 revocatus
671 886 733 950 lege

307 967 426 1020 (labinia
480 968 593 1019 Romam
645 970 733 1033 rediit,

308 1052 485 1117 triumphavit
519 1069 581 1105 sero
616 1055 732 1105 triennio

295 1137 340 1192 ¹ab
393 1137 556 1191 adversariis
614 1143 733 1189 extracto

306 1236 331 1272 a.
366 1222 408 1274 63.
442 1222 585 1288 Reliquam
616 1227 732 1273 aetatem

306 1306 423 1372 Romae,
462 1322 524 1358 cum
559 1307 671 1358 divitiae
707 1308 733 1359 ei

307 1394 399 1441 esseut
409 1392 542 1457 ingentes,
559 1392 599 1442 ita
610 1392 686 1456 vixit,
703 1398 734 1443 ut

306 1475 507 1541 magnificentia
549 1478 608 1527 eius
652 1483 732 1543 atque

306 1560 413 1613 luxuria
441 1562 470 1612 in
504 1562 641 1628 proverbii
670 1578 732 1613 con·

307 1646 480 1697 suetudinem
505 1650 624 1710 venerit3
661 1648 732 1697 idem

305 1732 451 1781 cumomni
467 1730 617 1781 litterarum
630 1732 732 1795 generi,

306 1819 363 1865 tum
396 1814 585 1880 philosophiae
627 1815 732 1866 deditus

309 1898 369 1962 fuit,
385 1898 526 1950 historiam
542 1899 610 1950 belli
621 1900 733 1951 Marsici

308 1980 412 2035 Graece
429 1985 546 2050 scripsit.

274 2099 301 2155 Ι..
321 2099 440 2157 licinius
469 2103 580 2157 morene
606 2105 630 2165 ἓ.
649 2104 674 2164 8,
700 2105 732 2153 L.

306 2185 399 2237 Sullae
417 2187 524 2254 legatus
542 2188 614 2239 bello
626 2189 732 2239 Mithri-

306 2271 395 2322 datico
400 2273 487 2338 primo
497 2272 627 2325 adversus
632 2275 733 2325 Arche·

306 2355 386 2420 laum,
403 2356 568 2408 Mithridatis
585 2358 690 2421 ducem,
704 2361 732 2408 in

306 2439 421 2492 Graecia
459 2442 564 2493 fortiter
603 2447 733 2508 pugnavit

305 2525 341 2575 ad
359 2525 544 2578 Chaeroneam
565 2541 590 2578 a.
608 2529 650 2578 86.
678 2529 732 2579 Re-

306 2608 386 2660 lictus
404 2626 453 2675 pro
479 2616 604 2676 praetere
621 2627 639 2664 a
656 2612 733 2664 Sulla

305 2709 329 2744 a.
341 2695 375 2743 83
388 2694 423 2745 ad
434 2695 527 2746 Asiam
544 2696 732 2747 administran-

306 2778 368 2828 dam
404 2779 481 2830 nulla
514 2780 614 2830 idonea
649 2796 732 2832 causa

304 2864 374 2913 ultro
399 2862 502 2915 bellum
520 2865 670 2915 Mithridati
691 2867 731 2916 in·

304 2948 375 3012 tulit,
399 2953 427 2998 et
444 2963 608 3016 quamquam
625 2950 729 3016 proelio

304 3033 390 3082 victus
417 3038 460 3084 est
484 3033 521 3097 (h.
549 3049 572 3085 e.
600 3034 731 3085 bellum

303 3115 571 3168 Mithridaticum
618 3134 731 3170 secun-

305 3199 386 3264 dum)
424 3201 537 3251 Murena
576 3206 624 3254 aut
658 3210 730 3255 certe

304 3282 386 3334 dubio
409 3290 509 3336 eventu
536 3289 668 3353 pugnavit
692 3286 729 3356 (v.

303 3368 498 3440 Mithridates),
541 3372 730 3438 imperatorem

305 3457 396 3504 tamen
424 3470 453 3506 se
482 3456 550 3507 dixit
584 3462 612 3508 et
638 3459 730 3509 trium·

304 3537 398 3603 phavit
424 3555 449 3589 a.
475 3542 517 3592 81.
551 3543 594 3593 De
616 3543 731 3594 Murdua

304 3622 394 3674 lenius
428 3623 502 3675 haud
537 3626 618 3677 dubie
649 3642 730 3692 quam

304 3709 394 3759 verius
417 3708 520 3759 iudicat
539 3710 641 3776 Cicero,
669 3727 730 3761 cum

779 3454 922 3512 Marcellus
965 3471 991 3505 v.
1036 3454 1068 3509 lt.
1112 3451 1238 3508 claudius

1225 3500 1362 3914 l

778 3625 804 3681 l.
833 3624 950 3680 ilarclca
987 3622 1123 3692 Philippos
1150 3626 1175 3687 ς.
1196 3622 1237 3687 66,

818 632 926 684 laudem
951 636 1009 685 eius
1036 634 1163 685 bellicam
1182 648 1240 683 cum

819 718 910 769 Sullae
933 717 1014 770 laude
1032 718 1112 784 plane
1135 732 1241 782 compo*

816 803 857 851 nit
874 801 892 853 1.
910 818 934 853 c.
950 796 1015 857 ‘dac
1033 802 1177 866 fortissimi
1189 801 1241 855 viri

816 891 842 940 et
858 889 958 940 summi
973 885 1167 955 imperatoree’.

783 973 810 1030 Ι..
841 972 969 1030 lucullus
1002 989 1029 1028 v.
1061 974 1089 1030 l.
1126 971 1240 1029 licinius

817 1058 952 1115 lucullus.

781 1142 812 1200 n.
831 1143 953 1199 lautius
971 1143 1081 1201 catulus
1099 1148 1124 1208 6.
1142 1144 1184 1205 61,
1200 1112 1240 1205 66,

815 1229 858 1293 63,
876 1230 917 1292 66,
945 1230 976 1292 Q.
996 1229 1093 1292 Catuli,
1120 1231 1166 1296 qui
1186 1244 1241 1279 uua

816 1330 877 1365 cum
903 1313 933 1365 0.
951 1315 1037 1365 Mario
1057 1313 1180 1364 Cimbros
1206 1312 1240 1362 ad

815 1399 955 1450 Vercellas
977 1399 1114 1452 deleverat
1139 1414 1164 1449 a.
1183 1399 1241 1459 101,

815 1483 895 1545 filius,
905 1485 948 1533 vir
965 1484 1097 1550 singulari
1109 1484 1241 1550 sapientia

815 1576 896 1634 atque
914 1571 987 1620 vitae
1004 1569 1168 1635 integritate,
1186 1583 1240 1619 cos.

814 1671 839 1706 a.
857 1655 890 1704 ‘18
906 1654 944 1704 Μ.
955 1654 1099 1705 Aemilium
1108 1653 1239 1719 Lepidum

815 1739 958 1805 collegam,
988 1739 1035 1804 qui
1059 1738 1150 1789 Sullae
1180 1742 1241 1788 acta

816 1824 970 1876 rescindere
993 1823 1148 1884 conabatur,
1175 1822 1241 1872 vicit

816 1915 843 1960 et
865 1908 947 1961 Italia
971 1906 1083 1975 expulit,
1108 1923 1135 1958 v.
1164 1905 1240 1958 civile

816 1993 920 2047 bellam.
952 2008 977 2043 a.
995 1994 1029 2043 66
1046 2007 1102 2043 una
1128 2008 1189 2043 cum
1208 1992 1239 2054 Q.

815 2078 962 2128 Hortensio
998 2079 1145 2129 acerrimus
1182 2082 1240 2127 erat

815 2163 884 2228 legis
902 2163 1031 2214 Maniliae
1054 2161 1239 2225 adversarium

816 2263 913 2299 censor
941 2263 966 2299 a.
993 2247 1035 2311 66,
1064 2263 1112 2315 per
1141 2247 1239 2298 multos

815 2349 900 2385 annos
917 2333 1041 2400 princeps
1063 2333 1239 2400 optimatium.

781 2522 888 2578 nacula
907 2520 1088 2577 Mithridatico
1109 2518 1180 2575 helie
1194 2532 1237 2574 ac·

816 2605 923 2674 periore
943 2605 1079 2672 concepta
1097 2607 1121 2670 6.
1139 2606 1164 2667 7,
1176 2604 1203 2654 h.
1215 2620 1238 2654 e.

814 2690 957 2741 trucidatio
984 2690 1034 2741 illa
1060 2691 1161 2741 civium
1187 2688 1238 2739 Ro·

813 2792 953 2827 manorum
971 2790 996 2825 a.
1014 2777 1056 2826 88.

779 2860 807 2916 6.
833 2860 956 2916 manilius
985 2862 1010 2923 6.
1040 2861 1087 2924 69,
1115 2859 1238 2910 nibunus

812 2945 899 3012 plebis
913 2962 937 2997 a.
950 2947 983 2995 66
995 2946 1110 2997 adversa
1127 2945 1239 3010 optima·

811 3034 879 3082 tium
905 3033 1045 3082 voluntate
1071 3032 1160 3095 legem
1177 3029 1239 3078 tulit

812 3116 847 3167 ad
858 3117 995 3182 populum,
1004 3119 1035 3164 ut
1048 3114 1098 3165 (ln.
1109 3113 1238 3176 Pompeio

812 3203 955 3266 imperium
978 3198 1044 3250 belli
1061 3194 1238 3249 Mithridatici

812 3285 998 3345 mandaretur,
1034 3298 1114 3349 quam
1149 3283 1237 3347 legem

813 3371 898 3422 suasit
905 3369 999 3420 Cicero
1004 3373 1113 3434 praetor
1123 3372 1236 3417 creatus.

813 3540 966 3596 Marcellus.

813 3710 907 3761 consul
925 3725 949 3763 a.
964 3710 1005 3773 91,
1025 3709 1105 3760 homo
1123 3708 1249 3759 disertae⁴
