3150 4375
277 430 321 492 40
605 436 917 492 mnrxuorurum

311 620 381 669 sium
405 620 575 672 obsidionem
598 625 671 689 cepit
696 625 736 675 di·

310 704 736 775 ruitqnea.133(Numootiauo¹).

311 787 396 839 Cuius
418 789 455 839 ad
477 790 604 842 bellicam
626 792 736 843 laudem

309 872 448 924 doctrinae
460 875 542 924 etiam
561 877 734 927 conformatio

310 958 439 1021 accessit3
461 959 513 1008 fuit
531 960 603 1009 enim
623 960 734 1011 Graecis

307 1041 405 1091 litteris
433 1042 553 1093 eruditus
578 1050 607 1095 et
628 1046 734 1111 sapien·

264 1129 269 1136 “
307 1125 363 1176 tiae
391 1130 422 1175 ut
450 1125 562 1178 Laelius
591 1129 733 1181 familiaris

308 1209 529 1263 studiosissimus.
547 1228 572 1263 a
590 1214 640 1264 129
659 1216 733 1266 domi

306 1310 380 1358 suae,
399 1296 531 1347 incertum
550 1313 567 1349 a
584 1314 645 1365 quo,
670 1316 733 1351 con·

306 1378 392 1430 fossus
411 1387 459 1431 est.

275 1480 302 1535 t.
321 1479 464 1539 cornelios
476 1482 555 1539 Sulla
568 1485 641 1539 Felix
662 1488 686 1551 ἕ.
707 1487 732 1548 8,

306 1565 348 1626 80,
369 1565 439 1616 Mari
451 1577 578 1631 quaestor
601 1569 675 1620 bello
688 1571 732 1620 Iu·

305 1650 431 1715 gurthino
461 1668 485 1702 a.
517 1655 582 1715 107,
612 1653 731 1705 eiusdem

305 1735 414 1801 legatus
439 1736 513 1787 bello
540 1737 677 1789 Cimbrico
707 1755 731 1789 a.

306 1820 449 1884 104-101‚
472 1837 572 1887 magna
596 1838 657 1873 cnm
675 1823 732 1888 glo·

304 1905 345 1953 ria
354 1907 486 1969 pugnavit
495 1905 569 1956 bello
578 1907 697 1957 Marsico
706 1922 731 1957 a.

304 1990 414 2052 90-89,
432 2005 484 2055 quo
494 1990 541 2039 ille
553 1981 618 2039 ‘rem
637 1990 731 2056 populi

303 2072 419 2124 Romani
440 2077 495 2125 iam
512 2074 731 2139 procumbentem

304 2157 443 2224 restitnit'3
474 2158 561 2210 eidem
580 2159 687 2210 consuli
705 2176 730 2210 a.

305 2244 338 2293 88
357 2244 501 2309 imperium
511 2242 578 2293 belli
589 2243 730 2293 Mithrida·

302 2328 351 2376 tici
380 2328 539 2377 mandatum
567 2332 616 2377 est
652 2327 730 2389 Quod

303 2425 364 2461 cum
390 2411 479 2461 Mario
505 2416 614 2462 auctore
635 2412 730 2462 adver·

303 2497 368 2546 sarii
381 2497 407 2546 ei
418 2496 603 2562 abrogassent,
615 2497 730 2547 Romam

305 2582 464 2646 occupavit,
511 2581 729 2632 adversariorum

302 2666 446 2715 factionem
499 2667 567 2718 urbe
619 2666 729 2732 expulit,

301 2751 420 2802 Marium.
450 2751 479 2799 in
515 2751 633 2802 Africam
668 2768 728 2817 pro·

303 2835 395 2898 fugere
406 2836 503 2900 coegit.
509 2835 616 2884 Bellum
623 2836 729 2885 Mithri·

303 2918 422 2968 daticum
440 2917 558 2968 coniecit
574 2934 598 2969 a.
617 2921 727 2981 87-84,

302 3000 467 3067 triumphum
494 3003 550 3068 egit
566 3002 727 3070 splendidis-

820 628 934 680 dictator
944 635 1091 696 perpetuus
1105 647 1129 683 a
1142 633 1244 682 82-79

817 728 875 763 rem
898 715 1035 779 publicam
1053 716 1160 781 legibus
1179 716 1242 768 Cor-

817 798 897 849 neliis
916 802 1057 851 constituit
1073 802 1120 864 ita,
1139 809 1170 853 ut
1187 817 1244 852 om·

818 883 861 932 nis
896 887 1019 948 potentia
1053 892 1126 936 esset
1159 901 1243 952 penes

817 967 960 1031 optimates
986 970 1133 1020 tribunicia
1150 972 1241 1037 imm-

815 1052 865 1101 mis
893 1057 1025 1116 potestate
1052 1054 1132 1106 valde
1155 1057 1242 1106 immi·

815 1142 888 1187 nuta.
921 1137 1087 1202 Legionibus
1122 1142 1179 1190 suis
1213 1142 1242 1190 in

815 1221 907 1272 multis
925 1221 1007 1272 Italia
1024 1223 1146 1286 partibus
1160 1239 1241 1289 agros

815 1305 908 1355 divisit
916 1305 1078 1357 adversariis
1088 1307 1241 1374 ademptos3

814 1396 934 1442 mortuus
952 1399 994 1443 est
1011 1408 1035 1442 a.
1056 1395 1096 1443 78.

781 1474 927 1531 [ivolentes
937 1478 1009 1539 §.illi
1017 1478 1058 1543 46,
1065 1479 1170 1530 incolae
1178 1480 1240 1531 Ore·

814 1564 858 1609 tae
887 1560 1005 1625 insulae,
1033 1563 1139 1613 subacti
1164 1579 1182 1614 a
1208 1565 1239 1625 Q.

816 1644 934 1696 Caecilio
955 1647 1067 1697 Metello
1091 1649 1196 1700 Cretico
1214 1665 1239 1702 a.

815 1731 933 1794 68-663
952 1746 1033 1795 aquo
1045 1749 1106 1782 cum
1119 1737 1239 1798 asperius

814 1820 1002 1875 tractarentur,
1028 1817 1064 1867 ad
1088 1818 1136 1868 Cn.
1160 1818 1239 1869 Pom·

814 1901 912 1963 poium,
931 1901 976 1949 cui
998 1900 1059 1964 lege
1079 1902 1197 1954 Gabinia
1213 1919 1239 1953 a.

813 1986 846 2033 67
857 1999 989 2033 summum
1001 1988 1143 2049 imperinm
1155 1990 1238 2038 totius

816 2076 898 2125 maris
943 2076 1044 2126 interni
1087 2076 1240 2128 mandatum

816 2165 885 2222 erat,
920 2161 1064 2224 miserunt,
1099 2164 1146 2228 qui
1177 2162 1240 2213 hnic

812 2242 908 2304 potius,
939 2240 972 2288 de
1002 2242 1079 2288 onius
1115 2255 1238 2290 mansue-

812 2324 905 2373 tudine
929 2323 1096 2385 audiverant‚
1118 2330 1175 2374 tum
1197 2326 1238 2390 ip·

812 2425 871 2459 sum
889 2409 918 2458 in
930 2408 996 2459 Asia
1013 2408 1143 2459 adversus
1161 2426 1237 2474 prae·

812 2495 895 2544 dones
904 2493 1007 2545 bellum
1017 2496 1123 2558 gerenti
1131 2496 1237 2547 urbium

812 2595 920 2630 suarum
934 2579 1084 2628 deditiones
1103 2579 1236 2632 offerrent.

812 2664 865 2714 Sed
883 2663 1010 2728 legatum,
1029 2679 1109 2728 quern
1126 2666 1154 2714 in
1174 2665 1236 2716 Ore·

811 2755 866 2799 tam
905 2750 979 2799 misit
1018 2748 1163 2814 Pompeius
1201 2751 1237 2802 ad

811 2833 983 2898 accipiendas
1019 2833 1126 2884 urbium
1161 2835 1235 2886 dedi-

811 2919 905 2980 tiones,
916 2916 985 2965 nihil
995 2919 1100 2967 curavit
1109 2919 1236 2972 Metellus

810 3007 891 3066 atque
910 3015 941 3050 eo
959 3001 1049 3052 acrius
1065 3003 1193 3056 instabat.

302 3088 399 3136 simum
435 3087 551 3137 triennio
586 3092 655 3153 post
696 3089 728 3139 In
776 3084 1235 3149 cabillione.Scribonltltsstll'lo.

302 3170 410 3221 Italiam
439 3187 563 3222 reversus
589 3174 728 3225 Marianos

301 3255 391 3320 fregit,
409 3255 523 3307 Romam
540 3258 618 3322 cepit,
637 3259 665 3307 in
684 3259 729 3308 ad·

303 3341 438 3392 versarios
461 3342 548 3392 victos
572 3341 727 3393 crudelibus

302 3425 359 3476 illis
369 3426 610 3491 proscriptionibus
617 3429 728 3492 saeviit3

337 3578 459 3645 ¹)§.tid
496 3577 562 3630 dno
586 3577 728 3632 bellam-

269 3644 343 3697 rr’ma
383 3646 418 3696 ab
457 3660 524 3698 uno
562 3646 728 3714 imperatore

270 3728 323 3765 ease
342 3715 473 3778 conserta.

777 3170 905 3239 Byzloenl
916 3172 941 3233 §-
953 3173 996 3233 20,
1016 3171 1108 3237 Cyzici
1120 3174 1235 3239 incolae,

786 3288 788 3291 -
810 3256 892 3307 Asiae
910 3256 985 3307 urbis
1003 3257 1188 3312 nobilissimae
1199 3259 1235 3310 ed

809 3342 1002 3407 Propontidem
1020 3343 1097 3392 sitae.

777 3461 860 3515 ῠδΙοο
895 3463 920 3523 ἐ.
950 3459 990 3522 bb,
1025 3461 1116 3512 insula
1151 3467 1234 3517 maris

810 3547 927 3610 Aegaei,
990 3545 1037 3596 ubi
1098 3547 1233 3613 Apollinis

809 3633 902 3681 fanum
931 3634 988 3680 erat
1019 3631 1232 3687 celeberrimum.

752 3677 756 3774 i
812 3715 902 3780 Δῆλον
936 3713 976 3766 ἔτι
1005 3716 1104 3780 μᾶλλον
1133 3717 1233 3786 ηὔξησε
