3150 4375
308 441 361 503 34,
510 441 560 490 DE
578 440 729 492 IMPERIO
749 439 803 491 CN.
821 439 967 493 POMPEI.
987 442 1010 501 ς.
1029 441 1070 492 tl.

308 594 420 659 centia
443 597 525 659 teeti
547 594 757 680 repellemus,
779 594 937 660 honorem
961 604 1073 660 autem
1100 616 1207 679 neque
1230 593 1274 659 ab

307 717 372 760 uno
394 717 502 781 neque
524 720 566 762 ex
588 697 651 762 hoo
673 698 757 780 looo,
784 695 845 761 sed
867 695 985 761 eadem
1007 696 1066 762 illa
1087 705 1203 761 nostra
1226 695 1275 762 la-

309 798 538 863 boriosissima
561 801 691 863 ratione
706 801 807 880 vitae,
833 799 861 862 si
876 808 992 863 vestra
1007 799 1164 863 voluntas
1180 800 1274 881 feret,

274 900 299 941 ⁷¹
307 922 555 985 consequemur.
579 901 689 982 Quam
711 900 753 964 ob
769 922 849 982 rem,
865 900 1028 985 quidquid
1042 903 1076 964 in
1089 901 1154 967 hao
1171 922 1275 967 eausa

307 1002 388 1066 mihi
412 1012 601 1088 susceptum
624 1012 686 1084 est,
710 989 869 1084 Quirites,
892 1002 928 1065 id
951 1023 1012 1084 ego
1036 1025 1131 1066 omne
1152 1024 1205 1067 me
1226 1004 1309 1072 reis

307 1105 462 1189 publicae
500 1127 604 1170 causa
643 1106 832 1188 suscepisse
868 1104 1037 1185 confirmo,
1080 1113 1276 1190 tantumque

308 1208 414 1289 abest,
437 1218 475 1273 ut
498 1207 645 1292 aliquam
667 1206 749 1271 mihi
776 1206 900 1271 bonam
930 1208 1077 1289 gratiam
1104 1208 1276 1291 quaesisse

307 1309 436 1392 videar,
458 1319 496 1373 ut
518 1309 642 1374 multas
665 1330 718 1373 me
742 1309 845 1373 etiam
870 1308 1058 1373 simultates
1080 1310 1204 1393 partim
1220 1308 1276 1373 ob·

309 1434 425 1476 scuras
447 1414 571 1496 partim
594 1421 729 1496 apertas
751 1409 948 1495 intellegam
970 1410 1051 1475 mihi
1073 1431 1140 1476 non
1162 1433 1276 1477 neoes·

309 1516 428 1597 sarias,
451 1513 548 1578 vobis
570 1536 637 1578 non
661 1514 798 1579 inutiles
822 1516 1020 1598 suscepisse.
1051 1511 1117 1577 Sed
1140 1535 1202 1596 ego
1224 1536 1277 1579 me
1287 1546 1311 1584 ιο

308 1616 371 1680 hoo
393 1616 518 1681 honore
540 1618 739 1702 praeditum,
763 1618 868 1681 tantis
884 1618 1007 1681 vestris
1029 1616 1201 1683 benefieiis
1218 1616 1277 1681 ad·

309 1717 433 1782 fectum
456 1722 570 1801 statui,
595 1719 754 1802 Quirites,
777 1729 926 1784 vestram
947 1718 1157 1784 voluntatem
1179 1732 1211 1784 et
1228 1721 1277 1785 rei

308 1820 464 1904 publicae
488 1820 688 1904 dignitatem
703 1830 736 1885 et
752 1819 895 1886 salutem
911 1823 1160 1905 provinciarum
1177 1831 1276 1908 atque

311 1924 473 1986 sociorum
508 1925 590 1987 meis
625 1922 777 1986 omnibus
811 1921 993 1986 commodis
1029 1932 1060 1986 et
1090 1924 1276 1989 rationibus

310 2024 477 2105 praeferre
501 2034 662 2109 oportere.
742 2015 744 2019 ¹
1286 2054 1310 2093 ιε
