3150 4375
309 436 328 498 g
562 433 612 483 nn
629 432 784 483 miramo
804 433 859 482 on.
877 432 1024 483 Pomm.

309 606 484 689 mendetis,
507 613 608 691 atque
633 604 697 668 hoc
720 606 823 668 etiam
845 607 965 688 magis,
989 604 1077 691 quod
1100 615 1230 670 ceteros
1247 608 1280 669 in

309 710 517 793 provinciam
540 710 609 772 eius
632 707 723 771 modi
745 706 895 771 homines
919 729 994 772 cum
1017 710 1153 793 imperio
1177 708 1280 772 mitti·

309 834 392 891 mus,
408 820 456 893 ut,
472 811 604 874 etiamsi
621 808 664 874 ab
680 808 777 873 hoste
795 808 988 891 defendant,
1005 820 1117 875 tamen
1134 812 1280 895 ipsorum

310 913 475 979 adventus
499 913 534 976 in
556 910 657 975 urbes
682 913 847 976 sociorum
869 934 936 976 non
951 912 1091 977 multum
1108 912 1151 978 ab
1165 912 1281 978 hostili

310 1016 559 1101 expugnatione
604 1013 775 1096 differant,
820 1013 908 1078 hunc
946 1012 1132 1079 audiebant
1168 1023 1302 1097 antea‚s

309 1139 398 1183 nunc
419 1124 632 1202 praesentem
654 1114 772 1179 vident
796 1125 894 1180 tanta
919 1118 1151 1201 temperantia,
1183 1125 1280 1182 tanta

309 1219 575 1302 mansuetudine,
598 1226 696 1283 tanta
718 1218 939 1301 humanitate,
973 1229 1010 1284 ut
1039 1221 1064 1283 ii
1092 1218 1279 1283 beatissimi

310 1346 383 1389 esse
415 1321 605 1399 videantur,
644 1320 734 1405 apud
768 1343 850 1405 quos
885 1320 942 1386 ille
972 1320 1160 1386 diutissime
1193 1343 1280 1386 com·

310 1433 468 1490 moratur.

412 1526 525 1606 Quare
560 1526 589 1587 si
615 1533 752 1609 propter
787 1526 896 1589 socios
930 1524 1024 1589 nulla
1058 1527 1123 1609 ipsi
1157 1528 1279 1591 iniuria
1290 1556 1315 1595 ro

309 1629 461 1693 lacessiti
472 1628 615 1691 maiores
628 1626 735 1689 nostri
748 1645 824 1688 oum
835 1624 1013 1708 Antiocho,
1030 1648 1105 1691 oum
1115 1626 1279 1712 Philippo,

309 1753 384 1796 cum
405 1730 548 1813 Aetolis,
582 1752 657 1795 cum
679 1728 802 1793 Poenis
823 1727 915 1795 bella
939 1739 1126 1812 gesserunt,
1156 1739 1280 1815 quanto

309 1854 368 1897 vos
398 1832 510 1898 studio
541 1833 700 1898 convenit
735 1832 867 1896 iniuriis
890 1840 1091 1915 provocatos
1115 1834 1281 1897 sociorum

310 1935 451 2000 salutem
478 1957 547 1998 una
577 1956 652 1999 cum
680 1933 811 2016 imperii
839 1934 944 1996 vestri
975 1932 1145 2016 dignitate
1169 1934 1279 1998 defen·

311 2036 398 2116 dere,
432 2037 632 2121 praesertim
660 2056 736 2098 cum
765 2032 807 2097 de
835 2036 994 2101 maximis
1022 2038 1146 2101 vestris
1175 2037 1315 2106 vecti-rs

310 2139 442 2225 galibus
481 2137 631 2224 agatur?
675 2138 762 2203 Nam
799 2148 988 2206 ceterarum
1031 2141 1282 2226 provinciarum

309 2243 503 2326 vectigalia,
539 2242 699 2324 Quirites,
733 2251 831 2306 tanta
862 2250 950 2324 sunt,
984 2252 1022 2307 ut
1050 2244 1090 2306 iis
1122 2243 1167 2306 ad
1190 2245 1280 2327 ipsas

310 2346 502 2430 provincias
531 2342 693 2407 tutandas
727 2344 786 2406 vix
821 2344 973 2408 contenti
1003 2365 1076 2408 esse
1103 2346 1281 2429 possimus,

310 2447 393 2510 Asia
415 2467 495 2510 vero
518 2454 589 2509 tam
613 2445 724 2529 opima
740 2453 792 2508 est
807 2465 848 2507 ac
864 2443 996 2529 fertilis,
1019 2455 1057 2510 ut
1077 2455 1110 2510 et
1125 2445 1281 2511 ubertate

310 2571 467 2633 agrorum
504 2559 537 2614 st
570 2549 737 2612 varietate
770 2546 941 2612 fructuum
978 2557 1011 2612 et
1048 2547 1315 2631 magnitudinem

311 2654 473 2738 pastionis
497 2662 531 2717 et
552 2649 768 2716 multitudine
785 2673 901 2715 earum
916 2673 1037 2734 rerum,
1061 2673 1146 2737 quae
1163 2673 1281 2736 expor-

309 2766 433 2839 tentur,
466 2754 568 2822 facile
602 2752 755 2819 omnibus
789 2755 890 2818 terris
924 2753 1117 2819 antecellat.
1162 2756 1282 2842 Itaque

310 2861 392 2923 haec
408 2860 503 2924 vobis
519 2859 705 2944 provincia,
730 2857 891 2940 Quirites,
907 2858 936 2920 si
953 2866 985 2921 et
1001 2857 1082 2922 belli
1099 2859 1281 2923 utilitatem

311 2970 343 3025 st
365 2962 459 3045 pacis
484 2961 684 3043 dignitatem
713 2960 860 3024 retinere
883 2959 996 3041 vultis,
1031 2981 1097 3023 non
1127 2959 1225 3025 modo
1260 2983 1281 3025 a

310 3062 516 3145 calamitate,
541 3063 720 3127 sedetiam
736 3084 756 3124 a
772 3071 864 3126 metu
880 3060 1086 3126 calamitatis
1103 3071 1155 3127 est
1169 3062 1315 3127 defen-rs

275 3164 431 3230 rodenda.
454 3165 540 3229 Nam
562 3166 597 3228 in
620 3165 740 3230 ceteris
757 3162 867 3248 rebus,
891 3185 966 3229 cum
981 3166 1074 3229 venit
1090 3165 1281 3250 calamitas,

308 3277 379 3333 tum
404 3267 638 3332 detrimentum
659 3267 844 3352 accipitur,
868 3275 904 3330 at
920 3268 956 3331 in
972 3267 1198 3351 vectigalibus
1214 3291 1282 3333 non

310 3370 416 3435 solum
438 3368 604 3434 adventus
628 3368 718 3451 mali,
742 3368 803 3433 sed
827 3369 928 3433 etiam
952 3378 1060 3435 metus
1084 3373 1155 3454 ipse
1171 3369 1281 3434 adfert

309 3472 547 3537 calamitatem.
576 3471 661 3534 Nam
684 3493 760 3535 cum
782 3471 930 3536 hostium
953 3473 1069 3556 copiae
1091 3494 1157 3536 non
1180 3470 1281 3555 longe

310 3574 443 3656 absunt,
478 3575 579 3638 etiam
604 3574 632 3636 si
655 3575 795 3658 irruptio
826 3573 921 3637 nulla
949 3574 1042 3639 facta
1071 3583 1133 3656 est,
1166 3583 1315 3639 tamense

309 3679 468 3760 pecuaria
484 3664 694 3759 relinquitur,
718 3677 792 3758 agri
810 3674 945 3740 cultura
962 3674 1138 3758 deseritur,
1154 3699 1280 3741 merca·
1341 3756 1343 3764 J

194 1505 301 1561 'u

277 1588 302 1628 u
