3150 4375
610 410 688 465 cnr.
708 412 818 467 1o-1s.
836 411 860 471 s.
878 414 988 465 44-48.
1232 416 1275 481 23

304 581 394 647 idem
415 584 480 647 iste
501 582 717 648 Mithridates
740 605 851 648 nonne
874 582 919 649 ad
942 584 1084 649 eundem
1106 583 1167 651 On.
1182 586 1275 650 Pom-

304 685 415 768 peium
442 684 591 767 legatum
619 706 724 770 usque
752 687 787 750 in
810 686 1013 771 Hispaniam
1033 686 1154 752 misit?
1191 710 1275 771 eum,

305 807 403 870 quom
424 787 600 871 Pompeius
623 786 772 870 legatum
796 810 925 873 semper
947 788 1122 872 iudicavit,
1144 790 1179 872 ii,
1204 792 1273 874 qui·

303 887 367 952 bus
392 898 464 954 erat
486 890 660 955 molestum
689 890 734 956 ad
762 913 837 956 eum
859 893 1070 977 potissimum
1103 914 1176 957 esse
1198 894 1275 957 mis·

284 1012 389 1073 osum,
424 990 666 1077 speculatorem
694 1014 794 1078 quam
821 992 973 1076 legatum
1000 994 1143 1059 iudicari
1171 993 1275 1058 malu-

307 1102 413 1158 erunt.
456 1094 602 1161 Potestis
636 1096 741 1178 igitur
774 1097 841 1161 iam
865 1097 1082 1179 constituere,
1116 1095 1277 1177 Quirites,

305 1195 392 1261 hano
415 1199 651 1263 auctoritatem
673 1197 788 1261 multis
813 1207 931 1282 postea
947 1198 1046 1262 rebus
1064 1201 1169 1280 gestis
1184 1219 1275 1280 mag·

305 1301 424 1382 nisque
446 1300 566 1363 vestris
591 1298 727 1363 iudiciis
745 1299 985 1386 amplificatam
1010 1310 1170 1385 quantum
1187 1300 1276 1385 apud

306 1399 381 1464 illos
405 1421 513 1483 reges,
547 1411 708 1485 quantum
736 1402 827 1486 apud
857 1411 992 1468 exteras
1015 1404 1170 1467 nationes
1193 1400 1275 1466 vali·

274 1522 299 1561 ιο
308 1512 416 1568 turam
439 1524 513 1568 esse
536 1504 749 1569 existimetis.

407 1606 583 1691 Reliquum
591 1616 653 1691 est,
660 1618 698 1673 ut
706 1607 747 1672 de
760 1607 898 1673 felicit
908 1616 984 1691 ate,
998 1614 1311 1692 quampraostaren

309 1706 349 1771 de
372 1727 408 1770 se
430 1708 503 1792 ipso
526 1731 622 1774 nemo
646 1718 767 1795 potest,
801 1712 992 1775 meminisse
1022 1720 1055 1775 et
1083 1730 1276 1775 commemo·

307 1832 383 1873 rare
407 1808 448 1873 de
464 1809 571 1876 altero
586 1833 773 1897 possumus,
798 1814 884 1877 siout
905 1834 1046 1897 aequum
1063 1821 1112 1876 est
1128 1811 1277 1875 homines

309 1911 350 1976 de
383 1922 550 1997 potestate
583 1913 731 1997 deorum,
765 1913 881 1979 timide
910 1922 943 1979 et
976 1934 1088 1997 pauoa
1117 1911 1278 1976 dicamus.

276 2014 382 2096 ongo
405 2016 492 2079 enim
508 2017 557 2079 sio
574 2017 740 2098 existimo,
756 2015 915 2097 Maximo,
931 2013 1103 2097 Marcello,
1120 2012 1278 2099 Scipioni,

309 2115 416 2179 Mario
441 2124 473 2179 et
497 2117 619 2180 ueteris
642 2118 774 2198 magnis
799 2116 1058 2200 imperatoribus
1081 2137 1149 2179 non
1173 2114 1278 2178 solum

308 2225 445 2303 propter
480 2219 657 2298 virtutem,
695 2217 755 2282 sed
794 2218 894 2281 etiam
932 2226 1067 2302 propter
1111 2215 1277 2281 fortunam

311 2321 445 2404 saepius
468 2321 607 2405 imperia
622 2320 784 2385 mandata
801 2329 902 2405 atque
919 2320 1088 2385 exereitus
1106 2340 1180 2384 esse
1196 2340 1279 2382 oom-

310 2424 440 2486 missos.
461 2421 542 2486 Fuit
561 2423 649 2485 enim
664 2422 813 2507 profecto
830 2421 1030 2506 quibusdam
1047 2422 1181 2486 summis
1197 2422 1279 2486 viris

277 2522 476 2607 soquaedam
501 2522 545 2588 ad
560 2522 813 2608 amplitudinem
837 2532 869 2587 et
893 2523 938 2587 ad
953 2523 1093 2605 gloriam
1118 2531 1151 2587 et
1166 2522 1211 2589 ad
1226 2545 1280 2586 res

310 2647 451 2710 magnas
474 2626 559 2690 bene
582 2625 748 2710 gerendas
773 2625 935 2690 divinitus
959 2625 1119 2690 adiuncta
1134 2625 1279 2688 fortuna.

310 2729 363 2792 De
385 2727 483 2792 huius
506 2736 618 2793 autem
645 2727 787 2793 hominis
818 2727 993 2810 felicitate,
1027 2727 1069 2795 de
1098 2748 1161 2812 quo
1191 2748 1306 2790 nuno¹

311 2832 451 2913 agimus,
486 2828 550 2893 hao
571 2837 650 2893 utar
671 2829 901 2894 moderatione
925 2827 1069 2911 dicendi,
1097 2849 1164 2891 non
1186 2836 1224 2892 ut
1246 2829 1280 2891 in

311 2933 402 2997 illius
425 2941 594 3017 potestate
616 2932 785 2997 fortunam
808 2933 952 3017 positam
975 2953 1048 2997 esse
1072 2930 1191 3009 dicam,
1222 2929 1280 2993 sed

278 3045 350 3101 aaut
372 3038 554 3121 praeterita
573 3036 775 3117 meminisse,
798 3033 929 3119 reliqua
946 3055 1081 3118 sperare
1095 3031 1280 3107 videamur,

312 3160 355 3203 ne
378 3147 437 3202 aut
458 3138 569 3201 invisa
598 3136 649 3201 dis
679 3134 924 3200 immortalibus
953 3136 1060 3199 oratio
1084 3144 1200 3198 nostra
1225 3146 1281 3197 aut

314 3243 450 3321 ingrata
474 3259 546 3301 esse
570 3238 736 3302 videatur.
772 3238 891 3322 Itaque
918 3259 986 3301 non
1014 3258 1086 3301 sum
1108 3235 1315 3320 praedicare

314 3352 419 3423 turus,
435 3349 580 3425 quantas
599 3339 656 3404 ille
672 3362 725 3406 res
742 3339 831 3404 domi
847 3338 999 3420 militiae,
1015 3348 1105 3403 terra
1121 3338 1280 3422 marique,

315 3453 507 3531 quantaque
529 3442 693 3508 felicitate
716 3443 868 3526 gesserit,
902 3450 939 3506 ut
968 3442 1039 3505 eius
1069 3462 1198 3524 semper
1225 3461 1280 3504 vo·

203 3569 211 3583 ·
281 3546 502 3612 uoluntatibus
529 3569 597 3611 non
618 3545 717 3610 modo
746 3546 837 3609 oives
861 3544 1083 3625 adsenserint,
1119 3543 1201 3606 sooii
1225 3540 1281 3605 ob·

315 3650 545 3737 temperarint,
579 3648 692 3713 hostes
716 3646 935 3730 oboedierint,
971 3646 1030 3712 sed
1060 3646 1160 3710 etiam
1190 3618 1336 3884 vaur
