<?xml version="1.0" encoding="UTF-8"?>
<!DOCTYPE html PUBLIC "-//W3C//DTD XHTML 1.0 Transitional//EN"
    "http://www.w3.org/TR/xhtml1/DTD/xhtml1-transitional.dtd">
<html xmlns="http://www.w3.org/1999/xhtml" xml:lang="en" lang="en">
 <head>
  <title>
</title>
<meta http-equiv="Content-Type" content="text/html;charset=utf-8" />
  <meta name='ocr-system' content='tesseract 3.04.00' />
  <meta name='ocr-capabilities' content='ocr_page ocr_carea ocr_par ocr_line ocrx_word'/>
</head>
<body>
  <div class='ocr_page' id='page_1' title='image "./oratiodeimperio00cicegoog/oratiodeimperio00cicegoog_0025.png"; bbox 0 0 3150 4375; ppageno 0'>
   <div class='ocr_carea' id='block_1_1' title="bbox 602 472 1342 535">
    <p class='ocr_par' dir='ltr' id='par_1_1' title="bbox 602 472 1342 535">
     <span class='ocr_line' id='line_1_1' title="bbox 602 472 1342 535; baseline -0.008 -7"><span class='ocrx_word' id='word_1_1' title='bbox 602 476 681 529; x_wconf 81' lang='lat' dir='ltr'>cAP.</span> <span class='ocrx_word' id='word_1_2' title='bbox 702 477 811 527; x_wconf 78' lang='lat'>11-12.</span> <span class='ocrx_word' id='word_1_3' title='bbox 830 474 854 534; x_wconf 69' lang='grc' dir='ltr'>ἓ.</span> <span class='ocrx_word' id='word_1_4' title='bbox 872 476 983 527; x_wconf 78' lang='grc'><strong>30-34.</strong></span> <span class='ocrx_word' id='word_1_5' title='bbox 1235 472 1273 535; x_wconf 71' lang='grc' dir='ltr'>ῙΊ</span> <span class='ocrx_word' id='word_1_6' title='bbox 1337 512 1342 522; x_wconf 93' lang='grc'><em>,</em></span> 
     </span>
    </p>
   </div>
   <div class='ocr_carea' id='block_1_2' title="bbox 274 644 1357 3694">
    <p class='ocr_par' dir='ltr' id='par_1_2' title="bbox 274 644 1357 3694">
     <span class='ocr_line' id='line_1_2' title="bbox 304 644 1277 733; baseline -0.008 -18"><span class='ocrx_word' id='word_1_7' title='bbox 304 650 446 715; x_wconf 85' lang='lat' dir='ltr'>Romani</span> <span class='ocrx_word' id='word_1_8' title='bbox 468 649 634 733; x_wconf 82' lang='lat' dir='ltr'>redempti</span> <span class='ocrx_word' id='word_1_9' title='bbox 658 646 750 713; x_wconf 81' lang='lat' dir='ltr'>sint?</span> <span class='ocrx_word' id='word_1_10' title='bbox 782 644 1029 711; x_wconf 80' lang='lat' dir='ltr'>Mercatoribus</span> <span class='ocrx_word' id='word_1_11' title='bbox 1052 653 1161 708; x_wconf 90' lang='lat' dir='ltr'>tutum</span> <span class='ocrx_word' id='word_1_12' title='bbox 1184 665 1277 708; x_wconf 90' lang='lat' dir='ltr'>mare</span> 
     </span>
     <span class='ocr_line' id='line_1_3' title="bbox 305 748 1276 833; baseline -0.008 -16"><span class='ocrx_word' id='word_1_13' title='bbox 305 773 372 817; x_wconf 91' lang='lat' dir='ltr'>non</span> <span class='ocrx_word' id='word_1_14' title='bbox 393 753 499 817; x_wconf 86' lang='lat' dir='ltr'>fuisse</span> <span class='ocrx_word' id='word_1_15' title='bbox 523 751 642 833; x_wconf 88' lang='lat' dir='ltr'>dicam,</span> <span class='ocrx_word' id='word_1_16' title='bbox 665 771 740 814; x_wconf 92' lang='lat' dir='ltr'>cum</span> <span class='ocrx_word' id='word_1_17' title='bbox 765 748 942 814; x_wconf 76' lang='lat' dir='ltr'><strong>duodecim</strong></span> <span class='ocrx_word' id='word_1_18' title='bbox 965 768 1099 812; x_wconf 85' lang='lat' dir='ltr'>secures</span> <span class='ocrx_word' id='word_1_19' title='bbox 1123 748 1158 811; x_wconf 93' lang='lat' dir='ltr'>in</span> <span class='ocrx_word' id='word_1_20' title='bbox 1180 767 1276 832; x_wconf 86' lang='lat' dir='ltr'>prae·</span> 
     </span>
     <span class='ocr_line' id='line_1_4' title="bbox 306 838 1357 940; baseline -0.006 -21"><span class='ocrx_word' id='word_1_21' title='bbox 306 854 429 919; x_wconf 89' lang='lat' dir='ltr'>donum</span> <span class='ocrx_word' id='word_1_22' title='bbox 451 861 654 940; x_wconf 85' lang='lat' dir='ltr'>potestatem</span> <span class='ocrx_word' id='word_1_23' title='bbox 675 850 916 935; x_wconf 81' lang='lat' dir='ltr'>pervenerint?</span> <span class='ocrx_word' id='word_1_24' title='bbox 938 848 1083 915; x_wconf 77' lang='lat' dir='ltr'>Cnidum</span> <span class='ocrx_word' id='word_1_25' title='bbox 1105 858 1162 914; x_wconf 87' lang='lat' dir='ltr'>aut</span> <span class='ocrx_word' id='word_1_26' title='bbox 1181 838 1316 913; x_wconf 75' lang='lat' dir='ltr'>Colo-e</span> <span class='ocrx_word' id='word_1_27' title='bbox 1354 930 1357 933; x_wconf 18' lang='grc' dir='ltr'>Ι</span> 
     </span>
     <span class='ocr_line' id='line_1_5' title="bbox 305 951 1277 1041; baseline -0.004 -21"><span class='ocrx_word' id='word_1_28' title='bbox 305 956 447 1041; x_wconf 88' lang='lat' dir='ltr'>phonem</span> <span class='ocrx_word' id='word_1_29' title='bbox 464 965 523 1020; x_wconf 88' lang='lat' dir='ltr'>aut</span> <span class='ocrx_word' id='word_1_30' title='bbox 539 954 686 1037; x_wconf 85' lang='lat' dir='ltr'>Samum,</span> <span class='ocrx_word' id='word_1_31' title='bbox 701 953 931 1019; x_wconf 90' lang='lat' dir='ltr'>nobilissimas</span> <span class='ocrx_word' id='word_1_32' title='bbox 954 951 1066 1035; x_wconf 91' lang='lat' dir='ltr'>urbes,</span> <span class='ocrx_word' id='word_1_33' title='bbox 1089 954 1277 1017; x_wconf 90' lang='lat' dir='ltr'>innumera-</span> 
     </span>
     <span class='ocr_line' id='line_1_6' title="bbox 284 1057 1278 1143; baseline -0.004 -20"><span class='ocrx_word' id='word_1_34' title='bbox 284 1057 457 1143; x_wconf 84' lang='lat' dir='ltr'>sbilesque</span> <span class='ocrx_word' id='word_1_35' title='bbox 480 1058 565 1123; x_wconf 88' lang='lat' dir='ltr'>alias</span> <span class='ocrx_word' id='word_1_36' title='bbox 589 1066 708 1142; x_wconf 87' lang='lat' dir='ltr'>captas</span> <span class='ocrx_word' id='word_1_37' title='bbox 732 1078 807 1122; x_wconf 87' lang='lat' dir='ltr'>esse</span> <span class='ocrx_word' id='word_1_38' title='bbox 830 1076 1092 1138; x_wconf 76' lang='lat' dir='ltr'>commemorem,</span> <span class='ocrx_word' id='word_1_39' title='bbox 1120 1075 1196 1119; x_wconf 89' lang='lat' dir='ltr'>cum</span> <span class='ocrx_word' id='word_1_40' title='bbox 1224 1076 1278 1119; x_wconf 88' lang='lat' dir='ltr'>ve-</span> 
     </span>
     <span class='ocr_line' id='line_1_7' title="bbox 307 1157 1279 1245; baseline -0.004 -20"><span class='ocrx_word' id='word_1_41' title='bbox 307 1169 394 1226; x_wconf 88' lang='lat' dir='ltr'>stros</span> <span class='ocrx_word' id='word_1_42' title='bbox 427 1169 544 1245; x_wconf 87' lang='lat' dir='ltr'>portus</span> <span class='ocrx_word' id='word_1_43' title='bbox 578 1169 680 1244; x_wconf 89' lang='lat' dir='ltr'>atque</span> <span class='ocrx_word' id='word_1_44' title='bbox 710 1180 767 1223; x_wconf 89' lang='lat' dir='ltr'>eos</span> <span class='ocrx_word' id='word_1_45' title='bbox 791 1165 917 1243; x_wconf 89' lang='lat' dir='ltr'>portus,</span> <span class='ocrx_word' id='word_1_46' title='bbox 952 1157 1073 1240; x_wconf 90' lang='lat' dir='ltr'>quibus</span> <span class='ocrx_word' id='word_1_47' title='bbox 1102 1158 1208 1221; x_wconf 89' lang='lat' dir='ltr'>vitam</span> <span class='ocrx_word' id='word_1_48' title='bbox 1238 1178 1279 1221; x_wconf 88' lang='lat' dir='ltr'>ae</span> 
     </span>
     <span class='ocr_line' id='line_1_8' title="bbox 307 1258 1280 1347; baseline -0.003 -22"><span class='ocrx_word' id='word_1_49' title='bbox 307 1264 461 1347; x_wconf 88' lang='lat' dir='ltr'>spiritum</span> <span class='ocrx_word' id='word_1_50' title='bbox 485 1261 619 1342; x_wconf 84' lang='lat' dir='ltr'>ducitis,</span> <span class='ocrx_word' id='word_1_51' title='bbox 649 1262 685 1324; x_wconf 92' lang='lat' dir='ltr'>in</span> <span class='ocrx_word' id='word_1_52' title='bbox 712 1259 920 1344; x_wconf 89' lang='lat' dir='ltr'>praedonum</span> <span class='ocrx_word' id='word_1_53' title='bbox 948 1258 1053 1322; x_wconf 88' lang='lat' dir='ltr'>fnisse</span> <span class='ocrx_word' id='word_1_54' title='bbox 1079 1265 1280 1343; x_wconf 88' lang='lat' dir='ltr'>potestatem</span> 
     </span>
     <span class='ocr_line' id='line_1_9' title="bbox 307 1358 1280 1445; baseline -0.003 -18"><span class='ocrx_word' id='word_1_55' title='bbox 307 1362 448 1428; x_wconf 81' lang='lat' dir='ltr'>sciatis?</span> <span class='ocrx_word' id='word_1_56' title='bbox 470 1363 525 1427; x_wconf 91' lang='lat' dir='ltr'>An</span> <span class='ocrx_word' id='word_1_57' title='bbox 539 1384 619 1428; x_wconf 88' lang='lat' dir='ltr'>vero</span> <span class='ocrx_word' id='word_1_58' title='bbox 643 1363 807 1445; x_wconf 84' lang='lat' dir='ltr'>ignoratis</span> <span class='ocrx_word' id='word_1_59' title='bbox 823 1370 957 1444; x_wconf 88' lang='lat' dir='ltr'>portum</span> <span class='ocrx_word' id='word_1_60' title='bbox 972 1358 1111 1427; x_wconf 81' lang='lat' dir='ltr'>Caietae</span> <span class='ocrx_word' id='word_1_61' title='bbox 1133 1359 1280 1425; x_wconf 88' lang='lat' dir='ltr'>celeber·</span> 
     </span>
     <span class='ocr_line' id='line_1_10' title="bbox 307 1463 1280 1549; baseline -0.002 -21"><span class='ocrx_word' id='word_1_62' title='bbox 307 1466 426 1529; x_wconf 93' lang='lat' dir='ltr'>rimum</span> <span class='ocrx_word' id='word_1_63' title='bbox 441 1487 482 1530; x_wconf 85' lang='lat' dir='ltr'>aa</span> <span class='ocrx_word' id='word_1_64' title='bbox 500 1463 728 1549; x_wconf 90' lang='lat' dir='ltr'>plenissimum</span> <span class='ocrx_word' id='word_1_65' title='bbox 744 1464 882 1528; x_wconf 87' lang='lat' dir='ltr'>navium</span> <span class='ocrx_word' id='word_1_66' title='bbox 897 1463 1111 1548; x_wconf 83' lang='lat' dir='ltr'>inspectante</span> <span class='ocrx_word' id='word_1_67' title='bbox 1126 1470 1280 1547; x_wconf 89' lang='lat' dir='ltr'>praetore</span> 
     </span>
     <span class='ocr_line' id='line_1_11' title="bbox 274 1564 1279 1651; baseline -0.001 -22"><span class='ocrx_word' id='word_1_68' title='bbox 274 1588 328 1631; x_wconf 81' lang='lat' dir='ltr'>roa</span> <span class='ocrx_word' id='word_1_69' title='bbox 356 1566 582 1651; x_wconf 87' lang='lat' dir='ltr'>praedonibus</span> <span class='ocrx_word' id='word_1_70' title='bbox 617 1588 691 1630; x_wconf 88' lang='lat' dir='ltr'>esse</span> <span class='ocrx_word' id='word_1_71' title='bbox 721 1565 898 1650; x_wconf 88' lang='lat' dir='ltr'>direptum,</span> <span class='ocrx_word' id='word_1_72' title='bbox 934 1586 976 1629; x_wconf 81' lang='lat' dir='ltr'>ex</span> <span class='ocrx_word' id='word_1_73' title='bbox 1005 1564 1134 1629; x_wconf 91' lang='lat' dir='ltr'>Miseno</span> <span class='ocrx_word' id='word_1_74' title='bbox 1168 1574 1279 1629; x_wconf 87' lang='lat' dir='ltr'>autem</span> 
     </span>
     <span class='ocr_line' id='line_1_12' title="bbox 308 1666 1279 1753; baseline 0 -22"><span class='ocrx_word' id='word_1_75' title='bbox 308 1670 377 1732; x_wconf 87' lang='lat' dir='ltr'>eius</span> <span class='ocrx_word' id='word_1_76' title='bbox 398 1671 502 1753; x_wconf 89' lang='lat' dir='ltr'>ipsius</span> <span class='ocrx_word' id='word_1_77' title='bbox 520 1668 655 1750; x_wconf 88' lang='lat' dir='ltr'>liberos,</span> <span class='ocrx_word' id='word_1_78' title='bbox 679 1669 828 1753; x_wconf 91' lang='lat' dir='ltr'>quicum</span> <span class='ocrx_word' id='word_1_79' title='bbox 850 1666 1078 1753; x_wconf 90' lang='lat' dir='ltr'>praedonibus</span> <span class='ocrx_word' id='word_1_80' title='bbox 1108 1675 1210 1732; x_wconf 88' lang='lat' dir='ltr'>antea</span> <span class='ocrx_word' id='word_1_81' title='bbox 1232 1668 1279 1731; x_wconf 90' lang='lat' dir='ltr'>ibi</span> 
     </span>
     <span class='ocr_line' id='line_1_13' title="bbox 309 1768 1279 1855; baseline -0.002 -20"><span class='ocrx_word' id='word_1_82' title='bbox 309 1769 430 1835; x_wconf 90' lang='lat' dir='ltr'>bellum</span> <span class='ocrx_word' id='word_1_83' title='bbox 447 1778 608 1852; x_wconf 84' lang='lat' dir='ltr'>gesserat,</span> <span class='ocrx_word' id='word_1_84' title='bbox 626 1790 646 1832; x_wconf 91' lang='lat' dir='ltr'>a</span> <span class='ocrx_word' id='word_1_85' title='bbox 661 1768 889 1855; x_wconf 88' lang='lat' dir='ltr'>praedonibus</span> <span class='ocrx_word' id='word_1_86' title='bbox 906 1791 979 1833; x_wconf 89' lang='lat' dir='ltr'>esse</span> <span class='ocrx_word' id='word_1_87' title='bbox 997 1768 1171 1832; x_wconf 84' lang='lat' dir='ltr'>sublatos?</span> <span class='ocrx_word' id='word_1_88' title='bbox 1193 1770 1279 1834; x_wconf 87' lang='lat' dir='ltr'>Nam</span> 
     </span>
     <span class='ocr_line' id='line_1_14' title="bbox 308 1868 1280 1956; baseline 0.001 -21"><span class='ocrx_word' id='word_1_89' title='bbox 308 1871 388 1956; x_wconf 91' lang='lat' dir='ltr'>quid</span> <span class='ocrx_word' id='word_1_90' title='bbox 404 1891 466 1954; x_wconf 85' lang='lat' dir='ltr'>ego</span> <span class='ocrx_word' id='word_1_91' title='bbox 483 1870 641 1937; x_wconf 86' lang='lat' dir='ltr'>Ostiense</span> <span class='ocrx_word' id='word_1_92' title='bbox 657 1870 905 1936; x_wconf 89' lang='lat' dir='ltr'>incommodum</span> <span class='ocrx_word' id='word_1_93' title='bbox 928 1879 1031 1955; x_wconf 86' lang='lat' dir='ltr'>atque</span> <span class='ocrx_word' id='word_1_94' title='bbox 1053 1868 1147 1934; x_wconf 87' lang='lat' dir='ltr'>illam</span> <span class='ocrx_word' id='word_1_95' title='bbox 1169 1869 1280 1936; x_wconf 85' lang='lat' dir='ltr'>labem</span> 
     </span>
     <span class='ocr_line' id='line_1_15' title="bbox 308 1973 1281 2059; baseline 0 -22"><span class='ocrx_word' id='word_1_96' title='bbox 308 1982 409 2056; x_wconf 91' lang='lat' dir='ltr'>atque</span> <span class='ocrx_word' id='word_1_97' title='bbox 432 1974 650 2056; x_wconf 87' lang='lat' dir='ltr'>ignominiam</span> <span class='ocrx_word' id='word_1_98' title='bbox 672 1975 722 2037; x_wconf 87' lang='lat' dir='ltr'>rei</span> <span class='ocrx_word' id='word_1_99' title='bbox 744 1973 900 2058; x_wconf 87' lang='lat' dir='ltr'>publicae</span> <span class='ocrx_word' id='word_1_100' title='bbox 924 1995 1055 2059; x_wconf 88' lang='lat' dir='ltr'>querar,</span> <span class='ocrx_word' id='word_1_101' title='bbox 1082 1995 1156 2041; x_wconf 91' lang='lat' dir='ltr'>oum</span> <span class='ocrx_word' id='word_1_102' title='bbox 1178 1994 1281 2059; x_wconf 87' lang='lat' dir='ltr'>prope</span> 
     </span>
     <span class='ocr_line' id='line_1_16' title="bbox 276 2073 1280 2160; baseline 0.003 -25"><span class='ocrx_word' id='word_1_103' title='bbox 276 2074 578 2159; x_wconf 82' lang='lat' dir='ltr'>uinspectantibus</span> <span class='ocrx_word' id='word_1_104' title='bbox 601 2073 698 2138; x_wconf 91' lang='lat' dir='ltr'>vobis</span> <span class='ocrx_word' id='word_1_105' title='bbox 722 2073 844 2139; x_wconf 89' lang='lat' dir='ltr'>classis</span> <span class='ocrx_word' id='word_1_106' title='bbox 868 2098 919 2156; x_wconf 86' lang='lat' dir='ltr'>ea,</span> <span class='ocrx_word' id='word_1_107' title='bbox 948 2078 1004 2139; x_wconf 88' lang='lat' dir='ltr'>cui</span> <span class='ocrx_word' id='word_1_108' title='bbox 1027 2075 1144 2140; x_wconf 92' lang='lat' dir='ltr'>consul</span> <span class='ocrx_word' id='word_1_109' title='bbox 1167 2074 1280 2160; x_wconf 92' lang='lat' dir='ltr'>populi</span> 
     </span>
     <span class='ocr_line' id='line_1_17' title="bbox 313 2175 1280 2263; baseline 0.004 -23"><span class='ocrx_word' id='word_1_110' title='bbox 313 2176 455 2241; x_wconf 89' lang='lat' dir='ltr'>Romani</span> <span class='ocrx_word' id='word_1_111' title='bbox 487 2177 699 2262; x_wconf 88' lang='lat' dir='ltr'>praepositus</span> <span class='ocrx_word' id='word_1_112' title='bbox 733 2184 833 2260; x_wconf 88' lang='lat' dir='ltr'>esset,</span> <span class='ocrx_word' id='word_1_113' title='bbox 867 2198 888 2241; x_wconf 89' lang='lat' dir='ltr'>a</span> <span class='ocrx_word' id='word_1_114' title='bbox 920 2175 1146 2263; x_wconf 90' lang='lat' dir='ltr'>praedonibus</span> <span class='ocrx_word' id='word_1_115' title='bbox 1180 2189 1280 2263; x_wconf 89' lang='lat' dir='ltr'>capta</span> 
     </span>
     <span class='ocr_line' id='line_1_18' title="bbox 315 2278 1282 2366; baseline 0.001 -22"><span class='ocrx_word' id='word_1_116' title='bbox 315 2284 417 2366; x_wconf 89' lang='lat' dir='ltr'>atque</span> <span class='ocrx_word' id='word_1_117' title='bbox 440 2300 599 2365; x_wconf 87' lang='lat' dir='ltr'>oppressa</span> <span class='ocrx_word' id='word_1_118' title='bbox 623 2278 698 2343; x_wconf 83' lang='lat' dir='ltr'>est?</span> <span class='ocrx_word' id='word_1_119' title='bbox 719 2279 783 2344; x_wconf 89' lang='lat' dir='ltr'>Pro</span> <span class='ocrx_word' id='word_1_120' title='bbox 808 2278 843 2344; x_wconf 89' lang='lat' dir='ltr'>di</span> <span class='ocrx_word' id='word_1_121' title='bbox 864 2279 1085 2346; x_wconf 89' lang='lat' dir='ltr'>immortalesl</span> <span class='ocrx_word' id='word_1_122' title='bbox 1107 2289 1282 2346; x_wconf 88' lang='lat' dir='ltr'>tantamne</span> 
     </span>
     <span class='ocr_line' id='line_1_19' title="bbox 307 2380 1280 2448; baseline 0.001 -2"><span class='ocrx_word' id='word_1_123' title='bbox 307 2385 406 2447; x_wconf 92' lang='lat' dir='ltr'>unius</span> <span class='ocrx_word' id='word_1_124' title='bbox 434 2381 577 2446; x_wconf 91' lang='lat' dir='ltr'>hominis</span> <span class='ocrx_word' id='word_1_125' title='bbox 613 2380 823 2446; x_wconf 90' lang='lat' dir='ltr'>incredibilis</span> <span class='ocrx_word' id='word_1_126' title='bbox 857 2405 898 2446; x_wconf 91' lang='lat' dir='ltr'>ac</span> <span class='ocrx_word' id='word_1_127' title='bbox 930 2382 1045 2447; x_wconf 87' lang='lat' dir='ltr'>divina</span> <span class='ocrx_word' id='word_1_128' title='bbox 1074 2384 1182 2448; x_wconf 89' lang='lat' dir='ltr'>virtus</span> <span class='ocrx_word' id='word_1_129' title='bbox 1211 2391 1280 2447; x_wconf 87' lang='lat' dir='ltr'>tam</span> 
     </span>
     <span class='ocr_line' id='line_1_20' title="bbox 309 2482 1280 2569; baseline -0.001 -20"><span class='ocrx_word' id='word_1_130' title='bbox 309 2485 403 2549; x_wconf 87' lang='lat' dir='ltr'>brevi</span> <span class='ocrx_word' id='word_1_131' title='bbox 431 2493 580 2568; x_wconf 87' lang='lat' dir='ltr'>tempore</span> <span class='ocrx_word' id='word_1_132' title='bbox 608 2482 717 2549; x_wconf 89' lang='lat' dir='ltr'>lucem</span> <span class='ocrx_word' id='word_1_133' title='bbox 747 2483 883 2548; x_wconf 86' lang='lat' dir='ltr'>adferre</span> <span class='ocrx_word' id='word_1_134' title='bbox 913 2486 962 2549; x_wconf 89' lang='lat' dir='ltr'>rei</span> <span class='ocrx_word' id='word_1_135' title='bbox 984 2484 1139 2569; x_wconf 89' lang='lat' dir='ltr'>publicae</span> <span class='ocrx_word' id='word_1_136' title='bbox 1161 2487 1280 2569; x_wconf 91' lang='lat' dir='ltr'>potuit,</span> 
     </span>
     <span class='ocr_line' id='line_1_21' title="bbox 274 2585 1280 2672; baseline 0 -21"><span class='ocrx_word' id='word_1_137' title='bbox 274 2596 345 2651; x_wconf 76' lang='lat' dir='ltr'>mut</span> <span class='ocrx_word' id='word_1_138' title='bbox 367 2608 438 2662; x_wconf 83' lang='lat' dir='ltr'>vos,</span> <span class='ocrx_word' id='word_1_139' title='bbox 468 2587 525 2672; x_wconf 91' lang='lat' dir='ltr'>qui</span> <span class='ocrx_word' id='word_1_140' title='bbox 546 2585 645 2651; x_wconf 91' lang='lat' dir='ltr'>modo</span> <span class='ocrx_word' id='word_1_141' title='bbox 669 2596 749 2651; x_wconf 88' lang='lat' dir='ltr'>ante</span> <span class='ocrx_word' id='word_1_142' title='bbox 772 2587 896 2652; x_wconf 89' lang='lat' dir='ltr'>ostium</span> <span class='ocrx_word' id='word_1_143' title='bbox 918 2585 1113 2650; x_wconf 84' lang='lat' dir='ltr'>Tiberinum</span> <span class='ocrx_word' id='word_1_144' title='bbox 1136 2585 1280 2651; x_wconf 84' lang='lat' dir='ltr'>classem</span> 
     </span>
     <span class='ocr_line' id='line_1_22' title="bbox 308 2686 1280 2770; baseline -0.002 -16"><span class='ocrx_word' id='word_1_145' title='bbox 308 2689 454 2754; x_wconf 89' lang='lat' dir='ltr'>hostium</span> <span class='ocrx_word' id='word_1_146' title='bbox 482 2688 669 2770; x_wconf 89' lang='lat' dir='ltr'>videbatis,</span> <span class='ocrx_word' id='word_1_147' title='bbox 703 2690 728 2753; x_wconf 93' lang='lat' dir='ltr'>ii</span> <span class='ocrx_word' id='word_1_148' title='bbox 756 2709 845 2753; x_wconf 90' lang='lat' dir='ltr'>nuno</span> <span class='ocrx_word' id='word_1_149' title='bbox 876 2687 1004 2753; x_wconf 89' lang='lat' dir='ltr'>nullam</span> <span class='ocrx_word' id='word_1_150' title='bbox 1031 2689 1122 2752; x_wconf 86' lang='lat' dir='ltr'>intra</span> <span class='ocrx_word' id='word_1_151' title='bbox 1153 2686 1280 2754; x_wconf 86' lang='lat' dir='ltr'>Oceani</span> 
     </span>
     <span class='ocr_line' id='line_1_23' title="bbox 309 2787 1315 2876; baseline -0.001 -21"><span class='ocrx_word' id='word_1_152' title='bbox 309 2792 432 2855; x_wconf 88' lang='lat' dir='ltr'>ostium</span> <span class='ocrx_word' id='word_1_153' title='bbox 464 2791 670 2876; x_wconf 89' lang='lat' dir='ltr'>praedonum</span> <span class='ocrx_word' id='word_1_154' title='bbox 704 2810 826 2855; x_wconf 88' lang='lat' dir='ltr'>navem</span> <span class='ocrx_word' id='word_1_155' title='bbox 856 2811 931 2854; x_wconf 88' lang='lat' dir='ltr'>esse</span> <span class='ocrx_word' id='word_1_156' title='bbox 964 2787 1135 2854; x_wconf 78' lang='lat' dir='ltr'>audiatis?</span> <span class='ocrx_word' id='word_1_157' title='bbox 1169 2788 1315 2875; x_wconf 78' lang='lat' dir='ltr'>Atquesr</span> 
     </span>
     <span class='ocr_line' id='line_1_24' title="bbox 308 2891 1280 2979; baseline -0.001 -22"><span class='ocrx_word' id='word_1_158' title='bbox 308 2892 393 2958; x_wconf 88' lang='lat' dir='ltr'>haec</span> <span class='ocrx_word' id='word_1_159' title='bbox 417 2914 483 2979; x_wconf 89' lang='lat' dir='ltr'>qua</span> <span class='ocrx_word' id='word_1_160' title='bbox 505 2892 682 2958; x_wconf 86' lang='lat' dir='ltr'>celeritate</span> <span class='ocrx_word' id='word_1_161' title='bbox 705 2902 804 2976; x_wconf 83' lang='lat' dir='ltr'>gesta</span> <span class='ocrx_word' id='word_1_162' title='bbox 828 2893 905 2976; x_wconf 89' lang='lat' dir='ltr'>sint,</span> <span class='ocrx_word' id='word_1_163' title='bbox 930 2913 1128 2977; x_wconf 89' lang='lat' dir='ltr'>quamquam</span> <span class='ocrx_word' id='word_1_164' title='bbox 1146 2891 1280 2975; x_wconf 86' lang='lat' dir='ltr'>vidctis,</span> 
     </span>
     <span class='ocr_line' id='line_1_25' title="bbox 310 2993 1280 3081; baseline -0.003 -19"><span class='ocrx_word' id='word_1_165' title='bbox 310 3010 422 3062; x_wconf 86' lang='lat' dir='ltr'>tamon</span> <span class='ocrx_word' id='word_1_166' title='bbox 455 3017 476 3059; x_wconf 88' lang='lat' dir='ltr'>a</span> <span class='ocrx_word' id='word_1_167' title='bbox 503 3018 556 3061; x_wconf 91' lang='lat' dir='ltr'>me</span> <span class='ocrx_word' id='word_1_168' title='bbox 584 2997 619 3061; x_wconf 92' lang='lat' dir='ltr'>in</span> <span class='ocrx_word' id='word_1_169' title='bbox 649 2995 793 3060; x_wconf 85' lang='lat' dir='ltr'>dicendo</span> <span class='ocrx_word' id='word_1_170' title='bbox 821 2993 1068 3081; x_wconf 86' lang='lat' dir='ltr'>praetereunda</span> <span class='ocrx_word' id='word_1_171' title='bbox 1097 3015 1164 3058; x_wconf 90' lang='lat' dir='ltr'>non</span> <span class='ocrx_word' id='word_1_172' title='bbox 1193 3005 1280 3059; x_wconf 92' lang='lat' dir='ltr'>sunt.</span> 
     </span>
     <span class='ocr_line' id='line_1_26' title="bbox 276 3087 1280 3183; baseline -0.002 -21"><span class='ocrx_word' id='word_1_173' title='bbox 276 3101 394 3180; x_wconf 64' lang='lat' dir='ltr'>”Quis</span> <span class='ocrx_word' id='word_1_174' title='bbox 418 3100 505 3162; x_wconf 91' lang='lat' dir='ltr'>enim</span> <span class='ocrx_word' id='word_1_175' title='bbox 528 3087 684 3183; x_wconf 85' lang='lat' dir='ltr'>umquam</span> <span class='ocrx_word' id='word_1_176' title='bbox 705 3108 765 3163; x_wconf 89' lang='lat' dir='ltr'>aut</span> <span class='ocrx_word' id='word_1_177' title='bbox 787 3096 933 3162; x_wconf 89' lang='lat' dir='ltr'>obeundi</span> <span class='ocrx_word' id='word_1_178' title='bbox 947 3097 1075 3179; x_wconf 87' lang='lat' dir='ltr'>negotii</span> <span class='ocrx_word' id='word_1_179' title='bbox 1091 3104 1149 3159; x_wconf 91' lang='lat' dir='ltr'>aut</span> <span class='ocrx_word' id='word_1_180' title='bbox 1165 3117 1280 3161; x_wconf 88' lang='lat' dir='ltr'>conse-</span> 
     </span>
     <span class='ocr_line' id='line_1_27' title="bbox 311 3197 1281 3287; baseline -0.003 -21"><span class='ocrx_word' id='word_1_181' title='bbox 311 3200 434 3287; x_wconf 89' lang='lat' dir='ltr'>quendi</span> <span class='ocrx_word' id='word_1_182' title='bbox 458 3209 618 3285; x_wconf 87' lang='lat' dir='ltr'>quaestus</span> <span class='ocrx_word' id='word_1_183' title='bbox 642 3199 754 3264; x_wconf 89' lang='lat' dir='ltr'>studio</span> <span class='ocrx_word' id='word_1_184' title='bbox 778 3207 848 3265; x_wconf 89' lang='lat' dir='ltr'>tam</span> <span class='ocrx_word' id='word_1_185' title='bbox 863 3197 961 3263; x_wconf 85' lang='lat' dir='ltr'>brevi</span> <span class='ocrx_word' id='word_1_186' title='bbox 976 3206 1124 3282; x_wconf 87' lang='lat' dir='ltr'>tempore</span> <span class='ocrx_word' id='word_1_187' title='bbox 1139 3206 1189 3262; x_wconf 93' lang='lat' dir='ltr'>tot</span> <span class='ocrx_word' id='word_1_188' title='bbox 1206 3198 1281 3263; x_wconf 90' lang='lat' dir='ltr'>loca</span> 
     </span>
     <span class='ocr_line' id='line_1_28' title="bbox 311 3298 1282 3386; baseline -0.003 -18"><span class='ocrx_word' id='word_1_189' title='bbox 311 3304 545 3385; x_wconf 65' lang='lat' dir='ltr'>adnatantes</span> <span class='ocrx_word' id='word_1_190' title='bbox 562 3324 680 3368; x_wconf 91' lang='lat' dir='ltr'>cursus</span> <span class='ocrx_word' id='word_1_191' title='bbox 696 3303 863 3367; x_wconf 87' lang='lat' dir='ltr'>conficere</span> <span class='ocrx_word' id='word_1_192' title='bbox 878 3301 997 3386; x_wconf 88' lang='lat' dir='ltr'>potuit,</span> <span class='ocrx_word' id='word_1_193' title='bbox 1015 3320 1114 3384; x_wconf 90' lang='lat' dir='ltr'>quam</span> <span class='ocrx_word' id='word_1_194' title='bbox 1126 3298 1282 3365; x_wconf 90' lang='lat' dir='ltr'>celeriter</span> 
     </span>
     <span class='ocr_line' id='line_1_29' title="bbox 311 3401 1282 3491; baseline -0.004 -20"><span class='ocrx_word' id='word_1_195' title='bbox 311 3404 371 3471; x_wconf 83' lang='lat' dir='ltr'>On.</span> <span class='ocrx_word' id='word_1_196' title='bbox 393 3406 550 3491; x_wconf 88' lang='lat' dir='ltr'>Pompeio</span> <span class='ocrx_word' id='word_1_197' title='bbox 581 3405 666 3471; x_wconf 86' lang='lat' dir='ltr'>duce</span> <span class='ocrx_word' id='word_1_198' title='bbox 693 3405 782 3470; x_wconf 85' lang='lat' dir='ltr'>tanti</span> <span class='ocrx_word' id='word_1_199' title='bbox 811 3402 892 3468; x_wconf 87' lang='lat' dir='ltr'>belli</span> <span class='ocrx_word' id='word_1_200' title='bbox 915 3403 1058 3486; x_wconf 90' lang='lat' dir='ltr'>impetus</span> <span class='ocrx_word' id='word_1_201' title='bbox 1081 3401 1282 3485; x_wconf 79' lang='lat' dir='ltr'>navigavit?</span> 
     </span>
     <span class='ocr_line' id='line_1_30' title="bbox 312 3502 1280 3593; baseline -0.004 -21"><span class='ocrx_word' id='word_1_202' title='bbox 312 3510 368 3593; x_wconf 93' lang='lat' dir='ltr'>qui</span> <span class='ocrx_word' id='word_1_203' title='bbox 390 3510 538 3573; x_wconf 89' lang='lat' dir='ltr'>nondum</span> <span class='ocrx_word' id='word_1_204' title='bbox 560 3509 760 3592; x_wconf 86' lang='lat' dir='ltr'>tempestivo</span> <span class='ocrx_word' id='word_1_205' title='bbox 784 3505 830 3570; x_wconf 87' lang='lat' dir='ltr'>ad</span> <span class='ocrx_word' id='word_1_206' title='bbox 851 3502 1081 3586; x_wconf 86' lang='lat' dir='ltr'>navigandum</span> <span class='ocrx_word' id='word_1_207' title='bbox 1095 3506 1181 3568; x_wconf 90' lang='lat' dir='ltr'>mari</span> <span class='ocrx_word' id='word_1_208' title='bbox 1197 3503 1280 3569; x_wconf 85' lang='lat' dir='ltr'>Sici-</span> 
     </span>
     <span class='ocr_line' id='line_1_31' title="bbox 278 3603 1279 3694; baseline -0.004 -20"><span class='ocrx_word' id='word_1_209' title='bbox 278 3612 393 3674; x_wconf 80' lang='lat' dir='ltr'>soliam</span> <span class='ocrx_word' id='word_1_210' title='bbox 416 3609 510 3692; x_wconf 88' lang='lat' dir='ltr'>adii-t,</span> <span class='ocrx_word' id='word_1_211' title='bbox 533 3609 685 3676; x_wconf 86' lang='lat' dir='ltr'>Africam</span> <span class='ocrx_word' id='word_1_212' title='bbox 709 3608 910 3694; x_wconf 83' lang='lat' dir='ltr'>exploravit,</span> <span class='ocrx_word' id='word_1_213' title='bbox 934 3607 969 3669; x_wconf 90' lang='lat' dir='ltr'>in</span> <span class='ocrx_word' id='word_1_214' title='bbox 992 3603 1184 3671; x_wconf 85' lang='lat' dir='ltr'>Sardiniam</span> <span class='ocrx_word' id='word_1_215' title='bbox 1207 3628 1279 3670; x_wconf 93' lang='lat' dir='ltr'>cum</span> 
     </span>
    </p>
   </div>
   <div class='ocr_carea' id='block_1_3' title="bbox 312 3709 1279 3874">
    <p class='ocr_par' dir='ltr' id='par_1_3' title="bbox 312 3709 1279 3874">
     <span class='ocr_line' id='line_1_32' title="bbox 312 3709 1279 3797; baseline -0.005 -20"><span class='ocrx_word' id='word_1_216' title='bbox 312 3712 423 3778; x_wconf 88' lang='lat' dir='ltr'>classe</span> <span class='ocrx_word' id='word_1_217' title='bbox 449 3713 543 3777; x_wconf 87' lang='lat' dir='ltr'>venit</span> <span class='ocrx_word' id='word_1_218' title='bbox 565 3722 667 3797; x_wconf 89' lang='lat' dir='ltr'>atque</span> <span class='ocrx_word' id='word_1_219' title='bbox 689 3712 774 3775; x_wconf 91' lang='lat' dir='ltr'>haec</span> <span class='ocrx_word' id='word_1_220' title='bbox 798 3712 864 3776; x_wconf 89' lang='lat' dir='ltr'>tria</span> <span class='ocrx_word' id='word_1_221' title='bbox 886 3709 1106 3773; x_wconf 87' lang='lat' dir='ltr'>frumentaria</span> <span class='ocrx_word' id='word_1_222' title='bbox 1130 3709 1279 3774; x_wconf 87' lang='lat' dir='ltr'>subsidia</span> 
     </span>
     <span class='ocr_line' id='line_1_33' title="bbox 364 3819 1177 3874; baseline -0.004 -13"><span class='ocrx_word' id='word_1_223' title='bbox 364 3819 446 3869; x_wconf 79' lang='lat' dir='ltr'>Cicero.</span> <span class='ocrx_word' id='word_1_224' title='bbox 460 3821 488 3862; x_wconf 82' lang='lat' dir='ltr'>de</span> <span class='ocrx_word' id='word_1_225' title='bbox 501 3821 551 3872; x_wconf 84' lang='lat' dir='ltr'>inp.</span> <span class='ocrx_word' id='word_1_226' title='bbox 565 3820 603 3861; x_wconf 79' lang='lat' dir='ltr'>Cn.</span> <span class='ocrx_word' id='word_1_227' title='bbox 613 3819 709 3870; x_wconf 82' lang='lat' dir='ltr'>Pompei.</span> <span class='ocrx_word' id='word_1_228' title='bbox 1150 3829 1177 3874; x_wconf 59' lang='lat' dir='ltr'>sp,</span> 
     </span>
    </p>
   </div>
   <div class='ocr_carea' id='block_1_4' title="bbox 0 0 1588 4375">
    <p class='ocr_par' dir='ltr' id='par_1_4' title="bbox 0 0 1588 4375">
     <span class='ocr_line' id='line_1_34' title="bbox 0 0 1588 4375; baseline 0 0"><span class='ocrx_word' id='word_1_229' title='bbox 0 0 1588 4375; x_wconf 95' lang='lat' dir='ltr'> </span> 
     </span>
    </p>
   </div>
  </div>
 </body>
</html>
