3150 4375
308 480 329 545 6
560 482 610 532 DE
628 482 782 533 IMPERIO
801 482 856 533 CN.
875 482 1021 532 POMPEI.

309 651 354 717 ad
369 650 570 717 oblivionem
586 652 711 717 veteris
726 649 820 734 belli,
844 650 904 715 sed
927 651 972 715 ad
995 655 1280 738 comparationem

308 756 387 831 novi
403 754 565 837 contulit3
588 757 644 840 qui
660 763 778 840 postea
796 776 872 819 cum
886 755 1052 819 maximas
1065 755 1280 821 aedificasset

309 867 528 944 ornassetque
543 856 671 923 classes
681 858 916 942 exercitusque
923 877 1135 942 permagnos,
1144 857 1279 944 quibus·

309 980 447 1044 eumque
470 958 690 1043 exgentibus
713 960 890 1045 potuisset,
924 968 1152 1046 comparasset
1182 970 1215 1025 et
1244 981 1281 1026 se

298 1059 545 1146 Bosphoranis,
557 1063 708 1127 finitimis
722 1063 802 1144 suis,
814 1060 941 1128 bellum
957 1064 1079 1127 inferre
1094 1063 1303 1146 simularet,s

309 1166 471 1248 usquein
493 1164 695 1250 Hispaniam
718 1163 850 1247 legatos
885 1186 926 1228 ac
954 1163 1087 1229 litteras
1115 1165 1207 1230 misit
1234 1163 1281 1229 ad

309 1286 365 1331 eos
390 1264 503 1349 duces,
531 1266 730 1351 quibuscum
753 1276 824 1332 tum
846 1265 972 1331 bellum
995 1266 1204 1350 gerebamus,
1232 1277 1281 1351 ut,

310 1389 384 1433 eum
418 1367 547 1434 duobus
581 1370 616 1432 in
645 1370 729 1434 locis
764 1368 1040 1434 disiunctissimis
1070 1370 1281 1455 maximeque

197 1485 200 1491 ·
311 1469 453 1535 diversis
476 1492 542 1535 uno
559 1471 701 1536 consilio
724 1494 745 1536 a
767 1470 857 1537 binis
872 1470 1019 1536 hostium
1033 1472 1140 1558 copiis
1155 1471 1282 1537 bellum

309 1580 401 1637 terra
423 1574 573 1658 marique
595 1583 778 1658 gereretur,
806 1595 866 1638 vos
895 1575 1038 1660 ancipiti
1066 1576 1318 1639 contentionem

277 1705 302 1747 ιο
311 1675 458 1740 districti
476 1675 516 1739 de
532 1677 669 1760 imperio
686 1676 905 1741 dimicaretis.
930 1674 997 1741 Sed
1012 1686 1126 1742 tamen
1142 1676 1282 1742 alterius

310 1778 417 1861 partis
440 1776 635 1861 periculum,
670 1776 886 1843 Sertorianae
909 1788 1010 1863 atque
1033 1778 1282 1864 Hispaniensis,

311 1898 397 1962 quae
427 1877 532 1943 multo
560 1878 635 1964 plus
663 1879 864 1942 firmamenti
894 1901 934 1943 ac
962 1877 1094 1944 roboris
1123 1878 1282 1963 habebat,

311 1978 371 2044 (ln.
394 1980 531 2064 Pompei
566 1979 679 2044 divino
713 1977 855 2044 consilio
888 2001 930 2044 ac
963 1981 1130 2064 singulari
1157 1984 1282 2048 virtute

314 2082 488 2168 depulsum
505 2090 573 2164 est,
596 2082 631 2145 in
646 2079 755 2146 altera
777 2090 875 2166 parte
899 2083 948 2146 ita
971 2106 1024 2148 res
1048 2107 1069 2148 a
1083 2083 1124 2148 L.
1139 2081 1318 2149 Lucullo¹⁸

313 2208 439 2254 summo
461 2187 535 2251 viro
558 2185 611 2251 est
632 2183 880 2264 administrata,
910 2194 946 2247 ut
970 2188 1068 2248 initia
1092 2184 1150 2249 illa
1173 2208 1283 2250 rerum

313 2298 484 2372 gestarum
500 2305 624 2368 magna
640 2295 740 2370 atque
755 2285 931 2369 praeclara
946 2307 1013 2349 non
1028 2286 1185 2351 felicitati
1201 2287 1283 2369 eius,

313 2390 373 2455 sed
395 2390 524 2471 virtuti,
546 2387 631 2452 haee
654 2397 765 2451 autem
788 2394 949 2469 extrema,
974 2408 1059 2472 quae
1073 2410 1179 2474 nuper
1194 2390 1283 2453 acci·

314 2492 445 2575 derunt,
478 2509 545 2556 non
567 2490 697 2576 eulpae,
732 2488 793 2554 sed
820 2489 975 2554 fortunae
998 2489 1179 2555 tribuenda
1210 2511 1284 2555 esse

314 2595 501 2661 videantur.
536 2591 604 2657 Sed
627 2591 668 2656 de
690 2591 833 2654 Lucullo
859 2592 968 2654 dicam
992 2590 1059 2654 alio
1082 2591 1156 2654 loco
1180 2600 1214 2656 et
1235 2592 1283 2654 ita
1293 2605 1320 2645 ²⁰

315 2697 435 2781 dicam,
468 2695 628 2779 Quirites,
661 2705 699 2760 ut
725 2714 834 2778 neque
856 2714 938 2756 vera
960 2691 1035 2758 laus
1070 2694 1101 2758 ei
1130 2693 1284 2760 detracta

316 2801 466 2866 oratione
495 2820 570 2862 mea
599 2818 708 2880 neque
736 2796 824 2859 falsa
859 2794 983 2860 adficta
1013 2817 1087 2859 esse
1114 2794 1285 2878 videatur3

283 2927 306 2966 ιι
317 2901 358 2967 de
379 2900 486 2964 vestri
509 2898 639 2983 imperii
663 2897 832 2978 dignitate
856 2904 956 2980 atque
980 2895 1098 2979 gloria,
1130 2898 1286 2980 quoniam

316 3005 346 3068 is
370 3013 421 3068 est
443 3023 583 3067 exorsus
607 2999 770 3065 orationis
794 3019 899 3081 meae,
922 2996 1047 3080 videte,
1071 3019 1168 3083 quem
1188 2998 1285 3065 vobis

317 3108 464 3172 animum
486 3101 734 3190 suscipiendum
756 3102 893 3186 putetis.
1295 3112 1321 3154 rs

293 3223 308 3274 ⁵
419 3208 563 3274 Maiores
586 3206 693 3272 nostri
717 3225 817 3290 saepe
838 3204 1084 3270 mercatoribus
1112 3212 1171 3269 aut
1192 3205 1287 3268 navi·

318 3309 456 3378 eulariis
491 3309 615 3374 nostris
649 3307 844 3371 iniuriosius
873 3308 1030 3371 tractatis
1062 3305 1152 3371 bella
1175 3325 1286 3387 gesse·

318 3423 413 3495 runt3
449 3434 510 3478 vos
543 3420 594 3476 tot
625 3408 761 3474 milibus
800 3410 923 3474 civium
959 3409 1182 3474 Romanorum
1221 3427 1286 3470 uno

320 3517 436 3581 nuntio
471 3523 571 3600 atque
604 3533 670 3576 uno
705 3520 854 3596 tempore
888 3511 1018 3576 necatis
1053 3529 1117 3595 quo
1151 3508 1288 3575 tandem

321 3616 432 3683 animo
455 3638 528 3680 esse
552 3613 706 3680 debetis?
742 3613 868 3695 Legati
898 3610 986 3696 quod
1010 3619 1105 3675 erant
1128 3610 1324 3697 appellati³o

322 3717 507 3806 superbius,
522 3715 719 3782 Corinthum
735 3723 850 3799 patres
866 3715 980 3796 vestri,
1004 3715 1107 3779 totius
1124 3711 1289 3779 Graeciae
