3150 4375
616 430 996 490 cnr.1s-at.s.sa-ea
1041 395 1048 410 ’
1244 429 1287 495 29

316 604 557 688 Carthaginem
570 613 673 688 atque
687 603 914 677 Numantiam,
938 601 981 667 ab
998 602 1114 667 eodem
1130 600 1287 688 Scipione

316 730 390 773 esse
412 706 559 789 deletas3
590 727 659 771 non
685 704 950 771 commemorabo
978 726 1085 790 nuper
1112 707 1161 770 ita
1188 703 1285 770 vobis

315 809 535 895 patribusque
557 810 682 875 vestris
706 829 779 873 esse
795 810 914 889 visum,
936 810 1024 873 utin
1042 829 1109 872 uno
1125 807 1162 872 C.
1177 806 1285 872 Mario

316 934 392 997 spes
425 912 557 997 imperii
588 919 779 995 poneretur,
812 921 851 975 ut
883 909 973 975 idem
1005 931 1081 975 cum
1111 909 1286 994 Iugurtha,

293 1014 403 1078 sidem
424 1036 501 1079 cum
516 1011 672 1095 Cimbris,
695 1013 783 1078 idem
806 1034 883 1078 cum
897 1014 1059 1078 Teutonis
1081 1012 1206 1078 bollum
1226 1012 1285 1079 ad·

315 1118 539 1199 ministraret3
561 1119 597 1181 in
620 1119 692 1202 ipso
715 1114 777 1181 On.
792 1118 959 1202 Pompeio,
982 1117 1018 1182 in
1033 1138 1097 1202 quo
1112 1117 1193 1182 novi
1208 1137 1286 1181 con·

315 1220 410 1283 stitui
444 1215 529 1281 nihil
562 1216 634 1281 vult
673 1216 714 1295 Q.
742 1216 899 1300 Catulus,
937 1229 1037 1303 quam
1074 1215 1180 1282 multa
1218 1217 1285 1282 sint

314 1341 404 1384 nova
426 1340 554 1383 summa
578 1316 618 1398 Q.
635 1316 748 1384 Catuli
763 1318 938 1384 voluntate
954 1320 1152 1401 constituta,
1174 1340 1284 1386 recor·

317 1421 453 1486 damini.

281 1545 307 1586 ro
416 1523 507 1605 Quid
534 1532 606 1589 tam
632 1546 754 1589 novum
785 1546 885 1611 quam
908 1524 1197 1592 adulescentulum
1219 1504 1324 1627 pri-{¹¹

314 1637 430 1693 vatum
466 1628 651 1692 exercitum
690 1627 820 1692 difficili
856 1630 906 1693 rei
943 1629 1099 1714 publicae
1135 1638 1285 1715 tempore

314 1726 502 1794 conficere?
528 1729 691 1810 confecit3
722 1729 798 1793 huic
821 1731 1000 1815 praeesse?
1022 1731 1185 1817 praefuit3
1214 1752 1285 1797 rem

314 1832 436 1917 optime
460 1829 564 1895 ductu
580 1851 640 1896 suo
656 1830 797 1914 gerere?
820 1834 935 1915 gessit.
960 1833 1050 1913 Quid
1064 1841 1136 1898 tam
1150 1842 1285 1919 praeter

313 1931 589 1999 consuetudinem
612 1953 712 2017 quam
732 1932 861 1998 homini
883 1933 1165 2019 peradulescenti,
1188 1936 1284 2000 cuius

279 2045 407 2100 uaetas
444 2057 465 2099 a
488 2037 656 2099 senatorio
676 2035 784 2117 gradu
807 2036 907 2118 longe
931 2036 1077 2120 abesset,
1110 2038 1284 2123 imperium

313 2146 415 2222 atque
437 2138 621 2203 exercitum
638 2136 722 2219 dari,
747 2136 897 2202 Siciliam
913 2141 1062 2223 permitti
1079 2148 1180 2224 atque
1194 2138 1283 2204 Afri·

312 2261 385 2306 cam
415 2238 604 2325 bellumque
632 2241 667 2303 in
691 2261 731 2305 ea
752 2241 928 2324 provincia
956 2240 1284 2305 administrandum?

311 2343 392 2407 Fuit
414 2343 449 2406 in
471 2342 524 2407 his
546 2343 730 2427 provinciis
755 2343 921 2426 singulari
944 2343 1149 2426 innocentia,
1172 2343 1284 2425 gravi·

311 2453 393 2526 tate,
416 2444 558 2526 virtute,
579 2444 704 2509 bellum
727 2446 762 2509 in
782 2443 899 2509 Africa
923 2447 1105 2510 maximum
1128 2445 1283 2527 confecit,

277 2563 303 2603 ²⁰
311 2548 475 2613 victorem
509 2547 695 2612 exercitum
730 2545 931 2630 deportavit.
977 2545 1066 2626 Quid
1099 2567 1179 2610 voro
1213 2554 1282 2610 tam

310 2649 499 2715 inauditum
532 2671 631 2735 quam
661 2649 805 2734 equitem
830 2647 1016 2712 Romanum
1050 2645 1283 2731 triumphare?

310 2762 346 2817 at
376 2773 451 2817 eam
479 2772 607 2836 quoquo
635 2773 705 2815 rom
734 2749 876 2835 populus
899 2749 1067 2813 Romanus
1095 2769 1162 2812 non
1185 2747 1282 2812 modo

309 2853 405 2935 vidit,
435 2853 496 2920 sed
519 2854 664 2918 omnium
686 2853 789 2916 etiam
813 2851 924 2915 studio
947 2850 1124 2915 visendam
1147 2859 1181 2915 et
1204 2870 1280 2915 con·

309 2954 546 3020 celebrandam
569 2955 712 3040 putavit.
751 2952 842 3034 Quid
868 2963 940 3019 tam
961 2954 1160 3019 inusitatum
1183 2973 1315 3038 quamet

275 3067 358 3142 rsut,
402 3080 476 3124 oum
521 3057 585 3123 duo
629 3055 784 3123 consules
823 3055 1004 3120 clarissimi
1042 3055 1281 3139 fortissimique

310 3170 432 3243 essent,
455 3182 555 3245 eques
571 3159 741 3223 Romanus
766 3156 811 3221 ad
832 3155 958 3222 bellum
973 3156 1155 3220 maximum
1170 3155 1281 3220 formi-

311 3261 623 3347 dolosissimumque
652 3282 711 3347 pro
735 3259 874 3325 consule
897 3257 1115 3325 mitteretur?
1159 3259 1281 3324 missus

309 3375 371 3431 est.
401 3364 475 3446 Quo
498 3365 633 3451 quidem
655 3373 804 3449 tempore
827 3384 902 3428 cum
925 3372 1015 3428 esset
1037 3382 1103 3427 non
1126 3382 1222 3426 nemo
1247 3361 1280 3426 in

310 3477 439 3550 senatu,
473 3469 531 3554 qui
565 3467 692 3533 diceret
714 3488 781 3532 non
812 3474 965 3551 oportere
993 3463 1083 3528 mitti
1115 3462 1280 3529 hominem

275 3570 476 3652 „privatum
497 3591 557 3654 pro
581 3568 729 3651 consule,
751 3567 793 3633 L.
808 3567 980 3654 Philippus
1006 3565 1134 3631 dixisse
1158 3565 1226 3631 dici

309 3691 375 3735 non
404 3693 441 3735 se
463 3671 558 3737 illum
585 3694 647 3738 sua
670 3673 839 3738 sententia
866 3668 1098 3758 proconsule,
1133 3666 1193 3733 sed
