3150 4375
613 450 692 502 cAP.
710 452 821 501 21-23.
839 448 864 510 ἓ.
883 450 993 502 62-66.
1246 446 1286 512 31

316 622 428 708 populi
450 623 593 687 Romani
616 622 766 687 universi
788 620 985 687 auctoritati
1006 618 1192 704 parendum
1214 638 1287 695 esse

315 726 495 795 fateantur.

417 826 528 912 Atque
561 828 596 893 in
628 819 693 892 hoe
726 824 816 892 bello
844 824 997 891 Asiatioo
1031 832 1064 890 et
1097 824 1191 905 regio
1219 843 1286 886 non

317 929 423 994 solum
444 927 601 994 militaris
626 928 685 994 illa
707 930 826 1011 virtus,
857 950 942 1013 quae
970 935 1021 992 est
1050 927 1084 990 in
1108 924 1168 990 On.
1190 927 1286 991 Pom-

295 1032 389 1116 speio
418 1030 611 1114 singularis,
645 1030 706 1096 sed
733 1030 822 1095 aliae
850 1051 979 1115 quoque
1006 1029 1150 1094 virtutes
1184 1030 1286 1094 animi

315 1153 458 1217 magnae
492 1141 525 1197 et
541 1185 542 1188 ,
558 1131 684 1198 multae
716 1133 940 1218 requiruntur.
984 1128 1133 1196 Difficile
1167 1139 1218 1195 est
1250 1132 1286 1195 in

313 1235 408 1317 Asia,
431 1233 562 1317 Oilioia,
587 1234 686 1320 Syria
706 1236 887 1320 regnisque
903 1235 1098 1299 interiorum
1113 1234 1283 1298 nationum

315 1339 363 1403 ita
396 1339 526 1404 versari
554 1348 706 1404 nostrum
735 1339 980 1423 imperatorem,
1013 1345 1050 1401 ut
1079 1333 1163 1400 nihil
1193 1334 1285 1399 aliud

313 1442 379 1505 nisi
404 1439 445 1505 de
469 1440 566 1507 hoste
587 1462 629 1507 ae
653 1440 695 1506 de
717 1440 818 1505 laude
840 1442 977 1522 cogitet.
1021 1437 1154 1504 Deinde
1183 1438 1283 1501 etiam
1343 1508 1344 1512 ,

282 1544 342 1616 esi
371 1544 428 1627 qui
458 1552 536 1608 sunt
563 1542 690 1629 pudore
722 1564 763 1608 ao
787 1542 1010 1627 temperantia
1032 1540 1286 1621 moderatiores,

312 1654 426 1710 tamen
449 1666 506 1711 eos
537 1667 611 1711 esse
644 1645 730 1710 tales
759 1653 898 1729 propter
920 1642 1168 1709 multitudinem
1197 1643 1285 1727 eupi-

315 1746 431 1811 dorum
447 1747 617 1812 hominum
628 1769 724 1812 nemo
739 1746 934 1812 arbitratur.
950 1743 1097 1810 Difficile
1113 1753 1164 1810 est
1181 1743 1283 1827 dictu,
1294 1770 1317 1810 es

315 1847 474 1931 Quirites,
498 1859 623 1935 quanto
646 1851 681 1913 in
705 1848 782 1913 odio
799 1850 901 1913 simus
916 1846 1006 1934 apud
1021 1858 1156 1913 exteras
1172 1848 1283 1911 natio-

312 1974 372 2016 nes
394 1960 531 2036 propter
554 1973 678 2034 eorum,
711 1972 795 2037 quos
829 1950 875 2015 ad
908 1972 966 2015 eas
999 1970 1059 2035 per
1086 1948 1146 2013 hos
1177 1970 1282 2014 annos

280 2075 390 2123 meum
412 2054 549 2138 imperio
573 2055 734 2134 misimus,
756 2052 916 2118 libidines
940 2062 974 2117 et
996 2053 1146 2119 iniurias.
1185 2052 1283 2133 Quod

314 2156 402 2234 enim
423 2155 537 2221 fanum
567 2157 695 2241 putatis
729 2156 763 2220 in
800 2154 868 2221 illis
896 2155 996 2220 terris
1024 2158 1149 2221 nostris
1177 2157 1281 2239 magi·

314 2257 477 2323 stratibus
489 2257 693 2341 religiosum,
705 2279 806 2343 quam
818 2259 991 2323 civitatem
1004 2266 1166 2339 sanctam,
1183 2271 1293 2343 quam¹

314 2359 446 2425 domum
475 2363 560 2425 satis
584 2361 735 2425 clausam
763 2359 804 2425 ao
827 2361 990 2426 munitam
1011 2359 1137 2425 fuisse?
1173 2360 1282 2425 Urbes

313 2464 379 2526 iam
413 2460 597 2546 locupletes
631 2470 664 2525 et
699 2463 857 2546 copiosae
894 2464 1119 2546 requiruntur,
1163 2462 1282 2547 quibus

277 2586 416 2632 soeausa
449 2563 530 2629 belli
563 2573 700 2650 propter
736 2562 919 2649 diripiendi
952 2564 1172 2648 cupiditatem
1200 2565 1282 2628 infe·

311 2676 415 2731 ratur.
437 2666 602 2732 Libenter
624 2666 707 2731 haee
730 2687 845 2731 eoram
867 2689 943 2731 eum
966 2665 1006 2746 Q.
1030 2664 1150 2730 Catulo
1179 2674 1212 2730 et
1242 2666 1315 2746 Qua

311 2770 505 2851 Hortensio,
529 2771 664 2833 summis
682 2777 713 2833 et
730 2768 929 2834 clarissimis
946 2769 1039 2851 viris,
1059 2768 1281 2852 disputarem3

310 2881 476 2937 noverunt
508 2874 597 2936 enim
631 2872 797 2938 sooiorum
830 2871 981 2954 vulnera,
1018 2869 1136 2937 vident
1170 2892 1281 2936 eorum

311 2973 535 3055 calamitates,
560 2975 785 3059 querimonias
810 2973 961 3039 audiunt.
997 2973 1062 3038 Pro
1093 2974 1192 3039 sooiis
1221 2994 1280 3037 vos

276 3100 301 3140 as
311 3084 430 3139 eontra
446 3076 559 3140 hostes
576 3078 761 3140 exereitum
783 3078 916 3140 mittere
933 3078 1061 3160 putatis
1077 3098 1121 3139 an
1136 3075 1280 3140 hostium

311 3175 524 3240 simulatione
561 3186 679 3241 eontra
713 3179 823 3240 socios
859 3186 959 3261 atque
994 3176 1143 3240 amieos?
1187 3175 1281 3257 Quae

310 3279 432 3342 civitas
467 3288 518 3343 est
552 3280 587 3342 in
609 3278 703 3357 Asia,
739 3300 825 3363 quae
846 3301 914 3343 non
942 3278 1039 3343 modo
1069 3280 1280 3362 imperatoris

309 3390 368 3446 aut
391 3380 506 3463 legati,
540 3380 601 3445 sed
628 3383 726 3447 unius
754 3382 881 3447 tribuni
904 3381 1048 3445 militum
1082 3382 1210 3444 animos
1241 3402 1280 3444 ao

310 3485 447 3568 spiritus
471 3505 591 3568 sapere
612 3483 747 3569 possit?

202 3635 206 3643 f
275 3607 301 3646 so
415 3585 527 3665 Quare
561 3587 663 3651 etiam
697 3588 725 3650 si
754 3608 852 3670 quem
879 3586 1024 3671 habetis,
1056 3588 1113 3672 qui
1146 3586 1322 3664 collatis23

311 3686 415 3769 signis
450 3689 619 3753 exereitus
653 3690 780 3771 regios
800 3711 978 3789 superare]
990 3711 1090 3779 posse
1112 3688 1278 3771 videatur,
