3150 4375
301 434 344 501 30
555 434 607 487 DE
623 433 777 486 IMPERIO
796 434 851 485 GN.
869 433 1016 488 POMPEI.

301 605 495 672 consulibus
517 607 661 673 mittere.
684 606 797 672 Tanta
819 608 855 671 in
877 628 916 671 eo
939 609 989 671 rei
1011 606 1166 692 publicae
1188 608 1273 674 bene

302 709 470 792 gerendae
493 730 568 794 spes
592 708 874 793 constituebatur,
890 718 927 774 ut
945 709 1084 776 duorum
1099 712 1272 776 consulum

301 832 420 875 munus
453 812 552 875 unius
586 811 814 877 adulescentis
848 813 967 877 virtuti
1001 815 1272 879 committeretur.

302 913 393 994 Quid
415 923 485 979 tam
509 915 680 998 singulare
710 937 811 999 quam
832 924 870 979 ut
894 938 937 979 ex
960 924 1097 982 senatus
1120 915 1295 981 consultos

301 1013 433 1097 legibus
468 1016 596 1080 solutus
630 1015 748 1080 consul
783 1024 862 1081 ante
895 1016 1001 1098 fieret,
1039 1039 1139 1101 quam
1170 1017 1274 1083 ullum

301 1116 404 1181 alium
441 1118 678 1199 magistratum
713 1140 774 1203 per
810 1117 903 1201 leges
941 1140 1061 1203 capere
1095 1118 1274 1184 licuisset?

302 1219 382 1303 qnid
405 1228 475 1284 tam
497 1219 695 1285 incredibile
718 1242 819 1305 quam
840 1230 878 1285 ut
900 1222 1020 1286 iterum
1036 1243 1136 1306 eques
1152 1222 1272 1286 Roma·

302 1341 365 1384 nus
389 1343 432 1386 ex
448 1330 586 1387 senatus
609 1322 762 1387 consulto
778 1322 1024 1407 triumpharet?
1048 1323 1142 1404 Quae
1158 1326 1191 1388 in
1208 1345 1274 1389 om·

301 1422 400 1487 nibus
431 1422 619 1489 hominibus
653 1445 741 1487 nova
774 1433 851 1508 post
884 1422 1054 1487 hominum
1082 1426 1273 1490 memoriam
1285 1441 1309 1481 1⁰

302 1527 490 1590 constituta
524 1534 611 1607 sunt,
646 1548 686 1589 ea
720 1534 789 1589 tam
822 1524 929 1590 multa
962 1546 1029 1589 non
1064 1536 1142 1591 sunt
1176 1548 1274 1610 quam

268 1628 396 1711 rohaec,
430 1649 516 1712 quae
544 1630 578 1691 in
606 1626 669 1690 hoc
697 1647 763 1690 uno
791 1624 924 1690 homine
957 1626 1118 1695 videmus.
1163 1626 1275 1713 Atque

302 1730 393 1795 haec·
410 1739 460 1794 tot
483 1727 639 1813 exempla
661 1736 759 1793 tanta
783 1749 824 1792 ac
840 1736 912 1793 tam
926 1750 1014 1793 nova
1030 1729 1181 1813 profecto
1197 1741 1275 1796 sunt

302 1834 338 1897 in
354 1832 496 1898 eundem
517 1832 685 1898 hominem
708 1854 729 1896 a
753 1831 793 1909 Q.
807 1829 920 1896 Catuli
937 1841 1037 1917 atque
1053 1854 1073 1895 a
1089 1843 1273 1898 ceterorum

303 1935 453 2001 eiusdem
480 1935 660 2019 dignitatis
690 1935 971 2019 amplissimorum
995 1935 1167 1999 hominum
1196 1957 1273 2000 auc·

302 2040 451 2101 toritate.
1284 2058 1309 2097 15

262 2157 295 2213 22
407 2138 520 2221 Quare
531 2138 680 2224 videant,
696 2161 738 2204 ne
755 2140 799 2205 sit
814 2140 1025 2226 periniquum
1040 2149 1074 2205 et
1087 2161 1155 2205 non
1169 2140 1274 2205 feren·

304 2242 383 2308 dum
416 2241 549 2307 illorum
578 2243 817 2307 auctoritatem
847 2242 888 2305 de
910 2240 977 2306 :Cn
999 2243 1136 2328 Pompei
1168 2242 1275 2326 digni·

304 2353 376 2409 tate
409 2367 430 2408 a
459 2344 556 2408 vobis
580 2344 831 2430 comprobatam
856 2365 986 2428 semper
1008 2363 1092 2427 esse,
1126 2354 1275 2409 vestrum

305 2445 348 2512 ab
372 2445 440 2510 illis
468 2445 509 2509 de
532 2444 649 2510 eodem
671 2444 805 2509 homine
827 2444 989 2511 iudicium
1010 2445 1190 2532 populique
1212 2447 1275 2511 Ro·

305 2549 397 2613 mani
420 2548 659 2614 auctoritatem
681 2547 874 2632 improbari,
897 2551 1096 2633 praesertim
1118 2569 1194 2613 cum
1210 2551 1310 2613 iamro

306 2671 364 2714 suo
396 2651 469 2713 iure
495 2649 638 2735 populus
661 2649 831 2713 Romanus
867 2651 901 2713 in
929 2649 992 2713 hoc
1020 2648 1152 2713 homine
1181 2671 1276 2714 suam

306 2753 543 2817 auctoritatem
575 2750 630 2815 vel
663 2760 782 2817 contra
816 2772 940 2833 omnes,
978 2753 1035 2836 qui
1064 2751 1275 2834 dissentiunt,

304 2854 411 2938 possit
428 2851 617 2933 defendere,
640 2861 817 2936 propterea
840 2851 929 2936 quod
952 2851 1058 2917 isdem
1081 2854 1155 2917 istis
1172 2854 1276 2920 recle-

305 2953 474 3018 mantibus
497 2974 557 3017 vos
581 2974 683 3017 unum
716 2952 811 3017 illum
840 2976 884 3017 ex
913 2953 1066 3018 omnibus
1091 2953 1276 3038 delegistis,

272 3077 401 3141 aquom
424 3054 514 3120 bello
536 3054 744 3140 praedonum
766 3058 1030 3140 praeponeretis.
1067 3057 1141 3121 Hoc
1166 3060 1193 3123 si
1216 3081 1276 3124 vos
1286 3078 1311 3117 ιι

306 3167 431 3222 temere
453 3158 584 3224 fecistis
607 3168 642 3224 et
663 3159 712 3222 rei
735 3157 892 3243 publicae
914 3181 1033 3244 parum
1049 3160 1276 3244 consuluistis,

305 3269 396 3325 recte
431 3261 488 3324 isti
517 3260 630 3326 studia
660 3269 775 3327 vestra
799 3263 868 3326 suis
897 3263 1048 3327 consiliis
1075 3285 1194 3346 regere
1223 3286 1277 3329 co·

304 3371 446 3446 nantur3
480 3364 531 3426 sin
564 3373 677 3428 autem
704 3385 763 3428 vos
793 3364 867 3448 plus
901 3373 972 3428 tum
1005 3366 1040 3429 in
1073 3388 1109 3429 re
1141 3365 1276 3452 publica

304 3464 450 3546 vidistis,
483 3486 544 3529 vos
573 3467 614 3530 iis
644 3467 911 3550 repugnantibus
942 3489 1001 3552 per
1028 3478 1158 3532 vosmet
1187 3471 1277 3553 ipsos

306 3567 505 3649 dignitatem
538 3567 616 3634 huic
646 3570 795 3653 imperio,
831 3569 973 3633 salutem
1007 3569 1079 3634 orbi
1112 3579 1313 3637 terrarumso

306 3668 479 3752 attulistis,
503 3667 685 3753 aliquando
709 3672 768 3736 isti
791 3673 959 3755 principes
976 3679 1008 3735 et
1026 3671 1091 3737 sibi
1107 3680 1140 3737 et
1156 3676 1277 3740 ceteris
