3150 4375
671 432 749 489 car.
768 434 793 489 1.
811 430 836 491 s.
854 428 930 487 1-e.
1263 434 1285 501 3

311 630 365 674 me
387 606 545 672 voluntas
569 603 688 686 adhuc,
723 603 785 669 sed
818 605 911 670 vitae
943 571 1210 672 meliorationes
1240 603 1283 670 ab

311 712 448 776 ineunte
472 715 585 773 aetate
608 715 786 791 susceptae
808 705 1059 791 prohibuerunt.
1095 707 1181 774 Nam
1209 728 1283 773 cum

312 820 413 878 antea
449 832 509 896 per
545 817 692 874 aetatem
735 808 882 874 nondum
914 809 1013 875 huius
1048 810 1284 875 auctoritatem

311 913 377 979 loei
414 914 582 995 attingere
619 909 777 976 auderem
815 919 1062 996 statueremque
1099 910 1184 978 nihil
1219 910 1284 977 huc

289 1015 376 1083 enisi
402 1014 588 1099 perfectum
616 1014 764 1097 ingenio,
798 1012 1008 1079 elaboratum
1036 1012 1202 1080 industria
1225 1011 1284 1079 ad-

310 1117 390 1183 ferri
414 1125 577 1201 oportere,
601 1138 697 1181 omne
719 1137 829 1181 meum
843 1124 974 1201 tempus
997 1117 1180 1181 amicorum
1202 1125 1305 1187 tem-2

308 1217 447 1305 poribus
462 1217 760 1285 transmittendum
775 1219 903 1302 putavi.
926 1217 980 1283 Ita
996 1240 1104 1303 neque
1118 1218 1173 1282 hic
1188 1216 1283 1284 locus

309 1341 438 1386 vacuus
467 1342 623 1406 umquam
650 1319 714 1384 fuit
743 1318 787 1383 ab
811 1320 863 1403 iis,
897 1321 954 1404 qui
976 1329 1124 1384 vestram
1146 1340 1283 1385 oausam

311 1420 538 1504 defenderent,
562 1431 594 1486 et
610 1444 702 1487 meus
718 1420 816 1486 labor
839 1423 874 1487 in
896 1424 1104 1506 privatorum
1123 1421 1282 1507 periculis

276 1549 301 1591 ιο
309 1533 403 1589 caste
426 1524 623 1608 integreque
637 1533 793 1588 versatus
811 1545 854 1588 ex
869 1532 981 1588 vestro
999 1522 1123 1588 iudicio
1139 1524 1280 1589 fructum

309 1634 359 1691 est
394 1624 637 1710 amplissimum
670 1636 882 1692 consecutus.
919 1626 1006 1693 Nam
1040 1648 1115 1695 cum
1148 1634 1283 1711 propter

309 1726 505 1793 dilationem
528 1730 738 1794 comitiorum
759 1738 812 1793 ter
827 1740 963 1814 praetor
977 1731 1105 1814 primus
1120 1729 1281 1794 centuriis

308 1831 439 1897 eunctis
463 1834 676 1898 renuntiatus
700 1854 782 1915 sum,
813 1832 913 1898 facile
935 1832 1098 1907 intellexi,
1122 1831 1281 1912 Quirites,

247 1926 250 1931 ’
308 1940 341 1997 ot
364 1931 445 2016 quid
468 1933 510 2013 de
531 1956 585 2001 me
607 1933 805 2000 iudicaretis
841 1942 873 2000 et
908 1934 989 2019 quid
1018 1933 1095 1999 aliis
1118 1933 1281 2017 praescri·

274 2031 443 2105 uberetis.
480 2035 576 2099 Nunc
605 2058 680 2100 eum
710 2047 743 2100 et
774 2038 987 2102 auctoritatis
1018 2038 1052 2100 in
1075 2058 1128 2101 me
1151 2044 1280 2101 tantum

309 2140 363 2220 sit,
376 2146 538 2223 quantum
549 2159 610 2204 vos
619 2137 802 2203 honoribus
814 2137 1017 2203 mandandis
1031 2160 1103 2203 esse
1115 2138 1281 2221 voluistis,

308 2249 341 2307 et
365 2240 409 2307 ad
424 2241 594 2324 agendum
607 2241 782 2307 facultatis
800 2251 941 2324 tantum,
965 2249 1127 2326 quantum
1153 2242 1280 2306 homini

306 2341 466 2425 vigilanti
499 2365 542 2408 ex
575 2344 701 2408 forensi
729 2366 792 2409 usu
820 2366 922 2430 prope
950 2342 1122 2410 cotidiana
1147 2341 1280 2408 dicendi

307 2445 508 2510 exercitatio
531 2447 640 2529 potuit
663 2444 808 2527 adferre,
831 2455 922 2511 certe
939 2455 972 2510 et
988 2446 1017 2509 si
1033 2442 1113 2528 quid
1136 2445 1278 2511 auctori-

274 2546 389 2612 sotatis
424 2547 460 2610 in
492 2567 545 2610 me
579 2555 640 2622 est,
675 2547 765 2632 apud
800 2569 856 2611 eos
886 2558 972 2628 utar,
1007 2548 1063 2630 qui
1098 2567 1172 2610 eam
1200 2546 1280 2611 mihi

308 2645 482 2728 dederunt,
513 2656 546 2711 et
569 2649 597 2712 si
620 2647 702 2732 quid
732 2650 766 2713 in
789 2647 931 2714 dicendo
955 2648 1113 2732 consequi
1136 2669 1280 2732 possum,

307 2748 349 2813 iis
365 2747 542 2813 ostendam
557 2749 778 2834 potissimum,
801 2753 858 2835 qui
875 2752 905 2814 ei
922 2771 1051 2835 quoque
1072 2751 1121 2814 rei
1136 2749 1281 2814 fructum

308 2870 367 2915 suo
391 2850 516 2918 iudicio
539 2851 754 2918 tribuendum
777 2876 851 2920 esse
868 2854 1045 2920 duxerunt.
1070 2853 1180 2938 Atque
1196 2851 1300 2930 illud.

307 2954 343 3020 in
371 2955 487 3038 primis
517 2956 598 3020 mihi
627 2955 824 3023 laetandum
857 2960 929 3021 iure
953 2979 1026 3022 esse
1048 2954 1157 3038 video,
1192 2953 1281 3040 quod

273 3057 343 3121 asin
366 3055 430 3121 hac
453 3056 591 3123 insolita
620 3057 703 3123 mihi
732 3082 776 3124 ex
797 3059 860 3124 hoc
888 3059 962 3123 loco
985 3060 1117 3124 ratione
1146 3056 1281 3122 dicendi

308 3179 412 3222 causa
435 3158 515 3223 talis
532 3158 649 3225 oblata
665 3169 726 3242 est,
750 3162 784 3225 in
809 3183 874 3247 qua
898 3161 1006 3225 oratio
1023 3160 1141 3224 deesse
1155 3158 1279 3222 nemini

308 3260 425 3344 possit.
447 3258 638 3327 Dicendum
654 3272 705 3327 est
721 3265 809 3328 enim
833 3261 874 3328 de
889 3261 949 3327 On.
964 3262 1100 3347 Pompei
1117 3258 1280 3342 singulari

309 3363 499 3448 eximiaque
521 3365 662 3448 virtut03
685 3366 783 3431 huius
801 3375 914 3431 autem
930 3366 1091 3430 orationis
1109 3361 1279 3430 difficilius

309 3473 361 3529 est
392 3465 519 3529 exitum
548 3489 648 3552 quam
677 3468 878 3553 principium
907 3467 1068 3533 invenire.
1111 3465 1165 3530 Ita
1198 3462 1279 3528 mihi

275 3585 377 3629 eonon
409 3574 480 3630 tam
513 3569 611 3652 copia
645 3590 743 3653 quam
776 3568 893 3634 modus
931 3572 967 3635 in
1001 3566 1143 3635 dicendo
1178 3588 1278 3651 quae·

309 3664 434 3730 rendus
458 3678 519 3732 est.

1127 3785 1160 3838 ι*
