3150 4375
317 424 361 491 24
569 426 620 475 on
637 422 791 475 ruarmo
810 423 866 475 cn.
884 421 1032 474 rournr.

316 604 600 683 tempestatesque
623 596 903 678 obsecundarint3
931 594 995 659 hoc
1017 594 1217 660 brevissimo
1240 594 1289 659 di·

317 718 404 781 cam,
437 700 602 763 neminem
635 720 791 783 umquam
825 707 896 763 tam
919 696 1145 781 impudentem
1174 699 1288 779 fuisse,

317 801 375 883 qui
398 799 441 865 ab
466 800 518 865 dis
542 800 785 865 immortalibus
817 809 869 864 tot
892 808 924 863 et
949 808 1064 865 tantas
1086 806 1140 865 r'es
1163 802 1288 865 tacitus

307 901 458 978 auderet
482 912 608 987 optare,
631 912 711 988 quot
735 914 769 969 et
792 911 936 989 quantas
961 902 995 966 di
1017 902 1221 968 immortales
1244 902 1289 967 ad

316 1001 378 1067 On.
401 1004 593 1089 Pompeium
617 1004 818 1072 detulerunt.
857 1004 955 1086 Quod
982 1013 1019 1068 ut
1047 1004 1098 1068 illi
1120 1006 1309 1091 propriums
1363 1050 1364 1053 =

317 1124 358 1168 ac
380 1116 575 1190 perpetuum
599 1109 653 1184 sit,
677 1106 840 1191 Quirites,
862 1129 938 1172 cum
961 1108 1144 1171 communis
1168 1107 1288 1171 salutis

317 1215 419 1291 atque
450 1209 590 1293 imperii,
624 1218 694 1274 tum
729 1211 832 1294 ipsius
867 1208 1010 1273 hominis
1040 1228 1154 1289 causa,
1189 1209 1289 1273 sicuti

317 1308 441 1391 facitis,
464 1310 552 1375 velle
576 1320 609 1375 et
633 1320 750 1395 optare
774 1311 916 1376 debetis.

283 1438 309 1477 a
423 1412 535 1491 Quare
557 1435 632 1477 cum
657 1423 690 1478 et
711 1413 838 1478 bellum
860 1415 905 1478 sit
920 1415 969 1477 ita
992 1414 1229 1494 necessarium,
1252 1421 1289 1477 ut

318 1512 452 1596 neglegi
469 1536 535 1578 non
551 1516 667 1599 possit,
680 1516 728 1580 ita
744 1535 912 1596 magnum,
926 1524 964 1579 ut
975 1515 1231 1579 accuratissime
1245 1515 1288 1578 sit
1299 1541 1323 1581 io

318 1616 631 1697 administrandum,
655 1624 689 1681 ct
713 1637 787 1679 cum
812 1618 841 1679 ei
857 1615 1092 1700 imperatorem
1106 1615 1289 1700 praeficere

317 1720 465 1803 possitis,
488 1719 523 1781 in
547 1739 611 1802 quo
635 1717 681 1782 sit
696 1718 821 1782 eximia
836 1716 919 1782 belli
936 1718 1089 1797 scientia,
1107 1718 1288 1801 singularis

317 1822 435 1902 virtus,
453 1818 644 1886 clarissima
660 1822 857 1902 auctoritas,
881 1821 1017 1901 egregia
1031 1820 1177 1903 fortuna,
1194 1820 1289 1885 ‹lubi-

317 1926 411 2006 tatis,
435 1924 594 2004 Quirites,
619 1926 699 2007 quin
721 1923 784 1987 hoc
808 1931 938 1987 tantum
960 1922 1051 2005 boni,
1081 1922 1170 2007 quod
1192 1921 1288 1986 vobis

318 2024 361 2088 ab
386 2024 437 2087 dis
462 2022 705 2087 immortalibus
722 2022 872 2088 oblatum
895 2031 927 2088 et
953 2022 1068 2088 datum
1084 2031 1145 2105 est,
1167 2023 1203 2087 in
1218 2044 1322 2089 remrs

318 2125 486 2212 publicam
501 2124 769 2190 conservandam
792 2134 893 2210 atque
915 2123 1189 2210 amplificandam
1211 2146 1289 2191 con·

317 2227 460 2293 feratis?

277 2329 308 2384 17
404 2329 550 2410 :Quodsi
578 2329 704 2394 Romae
727 2328 788 2393 Cn.
812 2330 988 2413 Pompeius
1017 2331 1170 2414 privatus
1199 2338 1288 2394 esset

216 2502 217 2505 Ἴ
283 2409 380 2496 ⁶⁰hoc
404 2441 562 2515 tempore,
585 2440 699 2494 tamen
722 2431 768 2495 ad
783 2440 916 2496 tantum
930 2430 1055 2496 bellum
1072 2434 1099 2496 is
1116 2441 1190 2496 erat
1207 2430 1287 2496 ‹leli-

317 2532 446 2615 gendus
476 2543 577 2617 atque
605 2532 807 2617 mittendus3
844 2555 933 2598 nunc
967 2555 1043 2598 cum
1078 2533 1123 2598 ad
1156 2542 1323 2600 ceterasao

318 2657 462 2700 summas
495 2634 661 2699 utilitates
694 2634 778 2699 haec
809 2656 937 2720 quoque
969 2635 1200 2720 opportunitas
1230 2635 1289 2700 ad·

301 2741 486 2821 iungatur,
509 2745 546 2801 ut
569 2738 604 2800 in
620 2738 662 2801 iis
678 2737 760 2821 ipsis
776 2735 860 2801 locis
877 2736 979 2819 adsit,
1002 2747 1040 2802 ut
1053 2735 1178 2802 habeat
1195 2759 1288 2803 exer·

317 2841 430 2921 citum,
453 2848 491 2903 ut
508 2839 551 2903 ab
568 2840 621 2920 iis,
645 2841 700 2923 qui
716 2838 853 2921 habent,
870 2840 1025 2922 accipere
1042 2840 1157 2903 statim
1170 2841 1288 2925 possit,

318 2939 398 3024 quid
414 2939 673 3024 exspectamus?
696 2949 754 3003 aut
771 2961 831 3005 cur
845 2961 913 3003 non
930 2938 1072 3004 ducibus
1090 2939 1140 3003 dis
1157 2942 1287 3006 immor·

317 3041 443 3105 talibus
467 3041 583 3122 cidem,
619 3042 673 3105 cui
704 3050 817 3105 cetera
841 3061 968 3105 summa
996 3062 1072 3104 cum
1101 3041 1211 3107 salute
1238 3045 1322 3109 rein

318 3143 472 3227 publicae
489 3144 666 3207 commissa
683 3152 770 3226 sunt,
794 3143 857 3206 boc
875 3164 1005 3228 quoque
1019 3142 1144 3209 bellum
1159 3147 1287 3228 regium

318 3243 591 3309 committamus?

284 3393 309 3431 5,
419 3345 467 3411 At
500 3348 587 3409 enim
620 3347 674 3410 vir
707 3346 926 3431 clarissimus,
960 3350 1210 3415 amantissimus
1238 3351 1286 3412 rei

318 3448 484 3532 publicae,
517 3450 642 3512 vestris
671 3448 844 3515 beneficiis
874 3449 1089 3535 amplissimis
1123 3449 1286 3533 adfectus,

320 3550 359 3629 Q.
383 3548 533 3633 Catulus,
568 3551 713 3635 itemque
744 3553 879 3617 summis
909 3553 1113 3616 ornamentis
1141 3551 1321 3637 honoris,ao

320 3654 483 3737 fortunae,
505 3654 652 3738 virtutis,
670 3656 797 3737 ingenii
814 3653 997 3740 praeditus,
1021 3654 1061 3736 Q.
1076 3654 1287 3737 Hortensius,
