<?xml version="1.0" encoding="UTF-8"?>
<!DOCTYPE html PUBLIC "-//W3C//DTD XHTML 1.0 Transitional//EN"
    "http://www.w3.org/TR/xhtml1/DTD/xhtml1-transitional.dtd">
<html xmlns="http://www.w3.org/1999/xhtml" xml:lang="en" lang="en">
 <head>
  <title>
</title>
<meta http-equiv="Content-Type" content="text/html;charset=utf-8" />
  <meta name='ocr-system' content='tesseract 3.04.00' />
  <meta name='ocr-capabilities' content='ocr_page ocr_carea ocr_par ocr_line ocrx_word'/>
</head>
<body>
  <div class='ocr_page' id='page_1' title='image "./oratiodeimperio00cicegoog/oratiodeimperio00cicegoog_0026.png"; bbox 0 0 3150 4375; ppageno 0'>
   <div class='ocr_carea' id='block_1_1' title="bbox 355 484 1066 555">
    <p class='ocr_par' dir='ltr' id='par_1_1' title="bbox 355 484 1066 555">
     <span class='ocr_line' id='line_1_1' title="bbox 355 484 1066 555; baseline -0.007 -16"><span class='ocrx_word' id='word_1_1' title='bbox 355 492 393 555; x_wconf 83' lang='lat'><strong>18</strong></span> <span class='ocrx_word' id='word_1_2' title='bbox 608 488 657 537; x_wconf 83' lang='lat' dir='ltr'><strong>DE</strong></span> <span class='ocrx_word' id='word_1_3' title='bbox 675 485 828 537; x_wconf 85' lang='lat' dir='ltr'>IMPERIO</span> <span class='ocrx_word' id='word_1_4' title='bbox 847 485 902 538; x_wconf 80' lang='lat' dir='ltr'><strong>CN.</strong></span> <span class='ocrx_word' id='word_1_5' title='bbox 920 484 1066 535; x_wconf 82' lang='lat' dir='ltr'><strong>POMPEI.</strong></span> 
     </span>
    </p>
   </div>
   <div class='ocr_carea' id='block_1_2' title="bbox 312 654 1362 3804">
    <p class='ocr_par' dir='ltr' id='par_1_2' title="bbox 352 654 1324 745">
     <span class='ocr_line' id='line_1_2' title="bbox 352 654 1324 745; baseline -0.005 -19"><span class='ocrx_word' id='word_1_6' title='bbox 352 663 401 726; x_wconf 91' lang='lat' dir='ltr'><strong>rei</strong></span> <span class='ocrx_word' id='word_1_7' title='bbox 437 659 595 745; x_wconf 90' lang='lat' dir='ltr'><strong>publicae</strong></span> <span class='ocrx_word' id='word_1_8' title='bbox 630 658 830 723; x_wconf 89' lang='lat' dir='ltr'><strong>firmissimis</strong></span> <span class='ocrx_word' id='word_1_9' title='bbox 873 654 1052 741; x_wconf 79' lang='lat' dir='ltr'><strong>praesidiis</strong></span> <span class='ocrx_word' id='word_1_10' title='bbox 1091 654 1324 742; x_wconf 80' lang='lat' dir='ltr'><strong>classibusque</strong></span> 
     </span>
    </p>

    <p class='ocr_par' dir='ltr' id='par_1_3' title="bbox 317 758 1347 1559">
     <span class='ocr_line' id='line_1_3' title="bbox 317 758 1323 843; baseline -0.001 -17"><span class='ocrx_word' id='word_1_11' title='bbox 317 790 344 829; x_wconf 75' lang='lat' dir='ltr'><strong>ae</strong></span> <span class='ocrx_word' id='word_1_12' title='bbox 354 764 503 828; x_wconf 86' lang='lat' dir='ltr'><strong>munivit.</strong></span> <span class='ocrx_word' id='word_1_13' title='bbox 526 762 610 825; x_wconf 93' lang='lat' dir='ltr'><strong>Inde</strong></span> <span class='ocrx_word' id='word_1_14' title='bbox 626 782 701 825; x_wconf 91' lang='lat' dir='ltr'><strong>cum</strong></span> <span class='ocrx_word' id='word_1_15' title='bbox 717 782 752 825; x_wconf 93' lang='lat' dir='ltr'><strong>se</strong></span> <span class='ocrx_word' id='word_1_16' title='bbox 772 761 808 823; x_wconf 92' lang='lat' dir='ltr'><strong>in</strong></span> <span class='ocrx_word' id='word_1_17' title='bbox 823 758 959 823; x_wconf 90' lang='lat' dir='ltr'><strong>Italiam</strong></span> <span class='ocrx_word' id='word_1_18' title='bbox 975 760 1167 843; x_wconf 81' lang='lat' dir='ltr'><strong>recepisset,</strong></span> <span class='ocrx_word' id='word_1_19' title='bbox 1192 758 1323 826; x_wconf 91' lang='lat' dir='ltr'><strong>duabus</strong></span> 
     </span>
     <span class='ocr_line' id='line_1_4' title="bbox 352 860 1323 949; baseline -0.002 -21"><span class='ocrx_word' id='word_1_20' title='bbox 352 865 527 949; x_wconf 90' lang='lat' dir='ltr'><strong>Hispaniis</strong></span> <span class='ocrx_word' id='word_1_21' title='bbox 537 873 570 928; x_wconf 87' lang='lat' dir='ltr'><strong>et</strong></span> <span class='ocrx_word' id='word_1_22' title='bbox 580 861 694 928; x_wconf 87' lang='lat' dir='ltr'><strong>Gallia</strong></span> <span class='ocrx_word' id='word_1_23' title='bbox 706 860 931 943; x_wconf 86' lang='lat' dir='ltr'><strong>Transalpina</strong></span> <span class='ocrx_word' id='word_1_24' title='bbox 940 860 1119 943; x_wconf 83' lang='lat' dir='ltr'><strong>praesidiis</strong></span> <span class='ocrx_word' id='word_1_25' title='bbox 1129 882 1169 926; x_wconf 94' lang='lat' dir='ltr'><strong>ac</strong></span> <span class='ocrx_word' id='word_1_26' title='bbox 1178 860 1323 926; x_wconf 87' lang='lat' dir='ltr'><strong>navibus</strong></span> 
     </span>
     <span class='ocr_line' id='line_1_5' title="bbox 353 961 1323 1047; baseline -0.003 -17"><span class='ocrx_word' id='word_1_27' title='bbox 353 967 559 1047; x_wconf 86' lang='lat' dir='ltr'><strong>confirmata,</strong></span> <span class='ocrx_word' id='word_1_28' title='bbox 587 966 698 1029; x_wconf 88' lang='lat' dir='ltr'><strong>missis</strong></span> <span class='ocrx_word' id='word_1_29' title='bbox 728 965 809 1027; x_wconf 91' lang='lat' dir='ltr'><strong>item</strong></span> <span class='ocrx_word' id='word_1_30' title='bbox 837 964 871 1026; x_wconf 94' lang='lat' dir='ltr'><strong>in</strong></span> <span class='ocrx_word' id='word_1_31' title='bbox 896 983 988 1026; x_wconf 88' lang='lat' dir='ltr'><strong>oram</strong></span> <span class='ocrx_word' id='word_1_32' title='bbox 1012 961 1141 1046; x_wconf 89' lang='lat' dir='ltr'><strong>Illyrici</strong></span> <span class='ocrx_word' id='word_1_33' title='bbox 1163 965 1265 1027; x_wconf 88' lang='lat' dir='ltr'><strong>maris</strong></span> <span class='ocrx_word' id='word_1_34' title='bbox 1289 974 1323 1027; x_wconf 90' lang='lat' dir='ltr'><strong>et</strong></span> 
     </span>
     <span class='ocr_line' id='line_1_6' title="bbox 353 1061 1347 1149; baseline -0.002 -18"><span class='ocrx_word' id='word_1_35' title='bbox 353 1069 387 1131; x_wconf 90' lang='lat' dir='ltr'><strong>iu</strong></span> <span class='ocrx_word' id='word_1_36' title='bbox 409 1067 574 1131; x_wconf 79' lang='lat' dir='ltr'><strong>Achaiam</strong></span> <span class='ocrx_word' id='word_1_37' title='bbox 604 1087 800 1149; x_wconf 89' lang='lat' dir='ltr'><strong>omnemque</strong></span> <span class='ocrx_word' id='word_1_38' title='bbox 823 1061 1003 1128; x_wconf 84' lang='lat' dir='ltr'><strong>Graeciam</strong></span> <span class='ocrx_word' id='word_1_39' title='bbox 1032 1063 1178 1129; x_wconf 87' lang='lat' dir='ltr'><strong>navibus</strong></span> <span class='ocrx_word' id='word_1_40' title='bbox 1200 1064 1347 1129; x_wconf 78' lang='lat' dir='ltr'><strong>Italiaes</strong></span> 
     </span>
     <span class='ocr_line' id='line_1_7' title="bbox 353 1164 1323 1251; baseline -0.003 -18"><span class='ocrx_word' id='word_1_41' title='bbox 353 1168 417 1233; x_wconf 92' lang='lat' dir='ltr'><strong>duo</strong></span> <span class='ocrx_word' id='word_1_42' title='bbox 440 1170 547 1233; x_wconf 90' lang='lat' dir='ltr'><strong>maria</strong></span> <span class='ocrx_word' id='word_1_43' title='bbox 569 1169 726 1233; x_wconf 83' lang='lat' dir='ltr'><strong>maximis</strong></span> <span class='ocrx_word' id='word_1_44' title='bbox 749 1164 917 1231; x_wconf 91' lang='lat' dir='ltr'><strong>classibus</strong></span> <span class='ocrx_word' id='word_1_45' title='bbox 940 1165 1204 1251; x_wconf 88' lang='lat' dir='ltr'><strong>firmissimisque</strong></span> <span class='ocrx_word' id='word_1_46' title='bbox 1226 1188 1323 1250; x_wconf 88' lang='lat' dir='ltr'><strong>prae·</strong></span> 
     </span>
     <span class='ocr_line' id='line_1_8' title="bbox 352 1265 1324 1353; baseline -0.002 -20"><span class='ocrx_word' id='word_1_47' title='bbox 352 1270 448 1336; x_wconf 91' lang='lat' dir='ltr'><strong>sidiis</strong></span> <span class='ocrx_word' id='word_1_48' title='bbox 464 1270 653 1350; x_wconf 86' lang='lat' dir='ltr'><strong>adornavit,</strong></span> <span class='ocrx_word' id='word_1_49' title='bbox 671 1272 743 1353; x_wconf 89' lang='lat' dir='ltr'><strong>ipse</strong></span> <span class='ocrx_word' id='word_1_50' title='bbox 758 1276 881 1350; x_wconf 89' lang='lat' dir='ltr'><strong>autem,</strong></span> <span class='ocrx_word' id='word_1_51' title='bbox 898 1275 936 1331; x_wconf 92' lang='lat' dir='ltr'><strong>ut</strong></span> <span class='ocrx_word' id='word_1_52' title='bbox 956 1265 1136 1332; x_wconf 88' lang='lat' dir='ltr'><strong>Brundisio</strong></span> <span class='ocrx_word' id='word_1_53' title='bbox 1152 1268 1324 1352; x_wconf 90' lang='lat' dir='ltr'><strong>profectus</strong></span> 
     </span>
     <span class='ocr_line' id='line_1_9' title="bbox 352 1369 1325 1457; baseline -0.003 -19"><span class='ocrx_word' id='word_1_54' title='bbox 352 1381 413 1454; x_wconf 86' lang='lat' dir='ltr'><strong>est,</strong></span> <span class='ocrx_word' id='word_1_55' title='bbox 447 1373 811 1457; x_wconf 84' lang='lat' dir='ltr'><strong>undequinquagesimo</strong></span> <span class='ocrx_word' id='word_1_56' title='bbox 846 1370 901 1435; x_wconf 91' lang='lat' dir='ltr'><strong>die</strong></span> <span class='ocrx_word' id='word_1_57' title='bbox 934 1377 1040 1434; x_wconf 90' lang='lat' dir='ltr'><strong>totam</strong></span> <span class='ocrx_word' id='word_1_58' title='bbox 1074 1369 1119 1434; x_wconf 91' lang='lat' dir='ltr'><strong>ad</strong></span> <span class='ocrx_word' id='word_1_59' title='bbox 1149 1371 1325 1455; x_wconf 90' lang='lat' dir='ltr'><strong>imperium</strong></span> 
     </span>
     <span class='ocr_line' id='line_1_10' title="bbox 350 1471 1325 1559; baseline 0 -21"><span class='ocrx_word' id='word_1_60' title='bbox 350 1474 464 1559; x_wconf 91' lang='lat' dir='ltr'><strong>populi</strong></span> <span class='ocrx_word' id='word_1_61' title='bbox 475 1476 617 1539; x_wconf 88' lang='lat' dir='ltr'><strong>Romani</strong></span> <span class='ocrx_word' id='word_1_62' title='bbox 629 1472 784 1538; x_wconf 86' lang='lat' dir='ltr'><strong>Ciliciam</strong></span> <span class='ocrx_word' id='word_1_63' title='bbox 798 1471 969 1551; x_wconf 81' lang='lat' dir='ltr'><strong>adiunxit3</strong></span> <span class='ocrx_word' id='word_1_64' title='bbox 987 1492 1112 1552; x_wconf 90' lang='lat' dir='ltr'><strong>omnes,</strong></span> <span class='ocrx_word' id='word_1_65' title='bbox 1128 1472 1185 1555; x_wconf 93' lang='lat' dir='ltr'><strong>qui</strong></span> <span class='ocrx_word' id='word_1_66' title='bbox 1199 1471 1325 1558; x_wconf 88' lang='lat' dir='ltr'><strong>ubique</strong></span> 
     </span>
    </p>

    <p class='ocr_par' dir='ltr' id='par_1_4' title="bbox 327 1572 1362 2558">
     <span class='ocr_line' id='line_1_11' title="bbox 327 1572 1362 1661; baseline 0 -21"><span class='ocrx_word' id='word_1_67' title='bbox 327 1619 330 1623; x_wconf 64' lang='grc'><em>»</em></span> <span class='ocrx_word' id='word_1_68' title='bbox 351 1576 537 1661; x_wconf 91' lang='lat' dir='ltr'><strong>praedones</strong></span> <span class='ocrx_word' id='word_1_69' title='bbox 553 1576 696 1657; x_wconf 91' lang='lat' dir='ltr'><strong>fuerunt,</strong></span> <span class='ocrx_word' id='word_1_70' title='bbox 718 1575 842 1659; x_wconf 91' lang='lat' dir='ltr'><strong>partim</strong></span> <span class='ocrx_word' id='word_1_71' title='bbox 864 1574 955 1658; x_wconf 91' lang='lat' dir='ltr'><strong>capti</strong></span> <span class='ocrx_word' id='word_1_72' title='bbox 977 1572 1213 1658; x_wconf 81' lang='lat' dir='ltr'><strong>interfectique</strong></span> <span class='ocrx_word' id='word_1_73' title='bbox 1235 1584 1362 1659; x_wconf 82' lang='lat' dir='ltr'><strong>sunt,1o</strong></span> 
     </span>
     <span class='ocr_line' id='line_1_12' title="bbox 351 1674 1324 1762; baseline 0 -20"><span class='ocrx_word' id='word_1_74' title='bbox 351 1680 474 1762; x_wconf 90' lang='lat' dir='ltr'><strong>partim</strong></span> <span class='ocrx_word' id='word_1_75' title='bbox 501 1680 599 1743; x_wconf 91' lang='lat' dir='ltr'><strong>unius</strong></span> <span class='ocrx_word' id='word_1_76' title='bbox 628 1674 726 1741; x_wconf 91' lang='lat' dir='ltr'><strong>huius</strong></span> <span class='ocrx_word' id='word_1_77' title='bbox 756 1698 792 1739; x_wconf 90' lang='lat' dir='ltr'><strong>se</strong></span> <span class='ocrx_word' id='word_1_78' title='bbox 815 1677 952 1761; x_wconf 90' lang='lat' dir='ltr'><strong>imperio</strong></span> <span class='ocrx_word' id='word_1_79' title='bbox 980 1698 1022 1742; x_wconf 91' lang='lat' dir='ltr'><strong>ac</strong></span> <span class='ocrx_word' id='word_1_80' title='bbox 1044 1678 1206 1761; x_wconf 88' lang='lat' dir='ltr'><strong>potestati</strong></span> <span class='ocrx_word' id='word_1_81' title='bbox 1231 1676 1324 1742; x_wconf 90' lang='lat' dir='ltr'><strong>dedi·</strong></span> 
     </span>
     <span class='ocr_line' id='line_1_13' title="bbox 352 1776 1324 1865; baseline 0.002 -22"><span class='ocrx_word' id='word_1_82' title='bbox 352 1778 482 1845; x_wconf 91' lang='lat' dir='ltr'><strong>derunt.</strong></span> <span class='ocrx_word' id='word_1_83' title='bbox 504 1780 599 1844; x_wconf 90' lang='lat' dir='ltr'><strong>Idem</strong></span> <span class='ocrx_word' id='word_1_84' title='bbox 621 1776 850 1862; x_wconf 78' lang='lat' dir='ltr'><strong>Cretensibus,</strong></span> <span class='ocrx_word' id='word_1_85' title='bbox 884 1801 959 1844; x_wconf 88' lang='lat' dir='ltr'><strong>cum</strong></span> <span class='ocrx_word' id='word_1_86' title='bbox 988 1778 1130 1843; x_wconf 90' lang='lat' dir='ltr'><strong>adeum</strong></span> <span class='ocrx_word' id='word_1_87' title='bbox 1155 1801 1260 1865; x_wconf 90' lang='lat' dir='ltr'><strong>usque</strong></span> <span class='ocrx_word' id='word_1_88' title='bbox 1288 1782 1324 1845; x_wconf 92' lang='lat' dir='ltr'><strong>in</strong></span> 
     </span>
     <span class='ocr_line' id='line_1_14' title="bbox 351 1880 1323 1966; baseline 0.002 -21"><span class='ocrx_word' id='word_1_89' title='bbox 351 1881 582 1966; x_wconf 88' lang='lat' dir='ltr'><strong>Pamphyliam</strong></span> <span class='ocrx_word' id='word_1_90' title='bbox 626 1880 758 1964; x_wconf 87' lang='lat' dir='ltr'><strong>legatos</strong></span> <span class='ocrx_word' id='word_1_91' title='bbox 799 1880 1099 1965; x_wconf 90' lang='lat' dir='ltr'><strong>deprecatoresque</strong></span> <span class='ocrx_word' id='word_1_92' title='bbox 1121 1882 1323 1966; x_wconf 90' lang='lat' dir='ltr'><strong>mississent‚</strong></span> 
     </span>
     <span class='ocr_line' id='line_1_15' title="bbox 352 1980 1323 2068; baseline 0.006 -23"><span class='ocrx_word' id='word_1_93' title='bbox 352 2004 441 2067; x_wconf 89' lang='lat' dir='ltr'><strong>spem</strong></span> <span class='ocrx_word' id='word_1_94' title='bbox 467 1983 649 2046; x_wconf 86' lang='lat' dir='ltr'><strong>deditionis</strong></span> <span class='ocrx_word' id='word_1_95' title='bbox 672 2004 740 2047; x_wconf 91' lang='lat' dir='ltr'><strong>non</strong></span> <span class='ocrx_word' id='word_1_96' title='bbox 763 1983 887 2046; x_wconf 88' lang='lat' dir='ltr'><strong>ademit</strong></span> <span class='ocrx_word' id='word_1_97' title='bbox 911 1980 1111 2067; x_wconf 89' lang='lat' dir='ltr'><strong>obsidesque</strong></span> <span class='ocrx_word' id='word_1_98' title='bbox 1132 1984 1323 2068; x_wconf 85' lang='lat' dir='ltr'><strong>imperavit.</strong></span> 
     </span>
     <span class='ocr_line' id='line_1_16' title="bbox 350 2083 1360 2171; baseline 0.003 -24"><span class='ocrx_word' id='word_1_99' title='bbox 350 2085 405 2148; x_wconf 88' lang='lat' dir='ltr'><strong>Ita</strong></span> <span class='ocrx_word' id='word_1_100' title='bbox 437 2092 569 2149; x_wconf 88' lang='lat' dir='ltr'><strong>tantum</strong></span> <span class='ocrx_word' id='word_1_101' title='bbox 601 2083 736 2167; x_wconf 88' lang='lat' dir='ltr'><strong>bellum,</strong></span> <span class='ocrx_word' id='word_1_102' title='bbox 773 2093 845 2150; x_wconf 91' lang='lat' dir='ltr'><strong>tam</strong></span> <span class='ocrx_word' id='word_1_103' title='bbox 878 2084 1080 2167; x_wconf 86' lang='lat' dir='ltr'><strong>diuturnum,</strong></span> <span class='ocrx_word' id='word_1_104' title='bbox 1117 2094 1187 2150; x_wconf 92' lang='lat' dir='ltr'><strong>tam</strong></span> <span class='ocrx_word' id='word_1_105' title='bbox 1221 2087 1360 2171; x_wconf 78' lang='lat' dir='ltr'><strong>longera</strong></span> 
     </span>
     <span class='ocr_line' id='line_1_17' title="bbox 352 2184 1323 2274; baseline 0.005 -24"><span class='ocrx_word' id='word_1_106' title='bbox 352 2184 485 2272; x_wconf 89' lang='lat' dir='ltr'><strong>lateque</strong></span> <span class='ocrx_word' id='word_1_107' title='bbox 502 2187 697 2274; x_wconf 89' lang='lat' dir='ltr'><strong>dispersum,</strong></span> <span class='ocrx_word' id='word_1_108' title='bbox 721 2211 784 2274; x_wconf 91' lang='lat' dir='ltr'><strong>quo</strong></span> <span class='ocrx_word' id='word_1_109' title='bbox 801 2187 891 2253; x_wconf 90' lang='lat' dir='ltr'><strong>bello</strong></span> <span class='ocrx_word' id='word_1_110' title='bbox 915 2209 1028 2253; x_wconf 89' lang='lat' dir='ltr'><strong>omnes</strong></span> <span class='ocrx_word' id='word_1_111' title='bbox 1044 2197 1161 2270; x_wconf 87' lang='lat' dir='ltr'><strong>gentes</strong></span> <span class='ocrx_word' id='word_1_112' title='bbox 1179 2211 1219 2253; x_wconf 91' lang='lat' dir='ltr'><strong>ac</strong></span> <span class='ocrx_word' id='word_1_113' title='bbox 1234 2191 1323 2255; x_wconf 88' lang='lat' dir='ltr'><strong>nati·</strong></span> 
     </span>
     <span class='ocr_line' id='line_1_18' title="bbox 352 2289 1324 2374; baseline 0.009 -24"><span class='ocrx_word' id='word_1_114' title='bbox 352 2310 430 2352; x_wconf 89' lang='lat' dir='ltr'><strong>ones</strong></span> <span class='ocrx_word' id='word_1_115' title='bbox 454 2291 700 2373; x_wconf 85' lang='lat' dir='ltr'><strong>premebantur,</strong></span> <span class='ocrx_word' id='word_1_116' title='bbox 735 2289 796 2354; x_wconf 83' lang='lat' dir='ltr'><strong>Cn.</strong></span> <span class='ocrx_word' id='word_1_117' title='bbox 818 2291 995 2374; x_wconf 89' lang='lat' dir='ltr'><strong>Pompeius</strong></span> <span class='ocrx_word' id='word_1_118' title='bbox 1030 2298 1179 2355; x_wconf 89' lang='lat' dir='ltr'><strong>extrema</strong></span> <span class='ocrx_word' id='word_1_119' title='bbox 1213 2291 1324 2359; x_wconf 90' lang='lat' dir='ltr'><strong>hieme</strong></span> 
     </span>
     <span class='ocr_line' id='line_1_19' title="bbox 351 2391 1324 2477; baseline 0.009 -24"><span class='ocrx_word' id='word_1_120' title='bbox 351 2393 538 2474; x_wconf 89' lang='lat' dir='ltr'><strong>apparavit,</strong></span> <span class='ocrx_word' id='word_1_121' title='bbox 573 2393 709 2457; x_wconf 91' lang='lat' dir='ltr'><strong>ineunte</strong></span> <span class='ocrx_word' id='word_1_122' title='bbox 741 2414 822 2458; x_wconf 90' lang='lat' dir='ltr'><strong>vere</strong></span> <span class='ocrx_word' id='word_1_123' title='bbox 856 2394 1013 2477; x_wconf 90' lang='lat' dir='ltr'><strong>suscepit,</strong></span> <span class='ocrx_word' id='word_1_124' title='bbox 1046 2391 1158 2457; x_wconf 90' lang='lat' dir='ltr'><strong>media</strong></span> <span class='ocrx_word' id='word_1_125' title='bbox 1192 2404 1324 2462; x_wconf 87' lang='lat' dir='ltr'><strong>aestate</strong></span> 
     </span>
     <span class='ocr_line' id='line_1_20' title="bbox 351 2493 505 2558; baseline 0.026 -4"><span class='ocrx_word' id='word_1_126' title='bbox 351 2493 505 2558; x_wconf 86' lang='lat' dir='ltr'><strong>confecit.</strong></span> 
     </span>
    </p>

    <p class='ocr_par' dir='ltr' id='par_1_5' title="bbox 312 2596 1358 2680">
     <span class='ocr_line' id='line_1_21' title="bbox 312 2596 1358 2680; baseline 0.007 -17"><span class='ocrx_word' id='word_1_127' title='bbox 312 2610 342 2663; x_wconf 81' lang='lat' dir='ltr'><strong>lt</strong></span> <span class='ocrx_word' id='word_1_128' title='bbox 452 2596 516 2661; x_wconf 88' lang='lat' dir='ltr'><strong>Est</strong></span> <span class='ocrx_word' id='word_1_129' title='bbox 553 2598 635 2662; x_wconf 91' lang='lat' dir='ltr'><strong>haec</strong></span> <span class='ocrx_word' id='word_1_130' title='bbox 676 2599 791 2662; x_wconf 89' lang='lat' dir='ltr'><strong>divina</strong></span> <span class='ocrx_word' id='word_1_131' title='bbox 829 2605 930 2680; x_wconf 88' lang='lat' dir='ltr'><strong>atque</strong></span> <span class='ocrx_word' id='word_1_132' title='bbox 968 2597 1175 2662; x_wconf 90' lang='lat' dir='ltr'><strong>incredibilis</strong></span> <span class='ocrx_word' id='word_1_133' title='bbox 1212 2600 1358 2670; x_wconf 79' lang='lat' dir='ltr'><strong>virtusro</strong></span> 
     </span>
    </p>

    <p class='ocr_par' dir='ltr' id='par_1_6' title="bbox 316 2689 1355 3804">
     <span class='ocr_line' id='line_1_22' title="bbox 316 2689 1320 2784; baseline 0.009 -24"><span class='ocrx_word' id='word_1_134' title='bbox 316 2689 573 2782; x_wconf 64' lang='lat' dir='ltr'><strong>”imperatoris</strong></span> <span class='ocrx_word' id='word_1_135' title='bbox 598 2698 710 2778; x_wconf 80' lang='lat' dir='ltr'><strong>Quid?</strong></span> <span class='ocrx_word' id='word_1_136' title='bbox 733 2707 876 2775; x_wconf 90' lang='lat' dir='ltr'><strong>ceterae,</strong></span> <span class='ocrx_word' id='word_1_137' title='bbox 901 2721 985 2784; x_wconf 88' lang='lat' dir='ltr'><strong>quas</strong></span> <span class='ocrx_word' id='word_1_138' title='bbox 1007 2699 1107 2784; x_wconf 91' lang='lat' dir='ltr'><strong>paulo</strong></span> <span class='ocrx_word' id='word_1_139' title='bbox 1131 2709 1210 2765; x_wconf 90' lang='lat' dir='ltr'><strong>ante</strong></span> <span class='ocrx_word' id='word_1_140' title='bbox 1233 2724 1320 2769; x_wconf 92' lang='lat' dir='ltr'><strong>com·</strong></span> 
     </span>
     <span class='ocr_line' id='line_1_23' title="bbox 350 2805 1322 2887; baseline 0.01 -26"><span class='ocrx_word' id='word_1_141' title='bbox 350 2821 533 2864; x_wconf 90' lang='lat' dir='ltr'><strong>memorare</strong></span> <span class='ocrx_word' id='word_1_142' title='bbox 555 2821 740 2885; x_wconf 75' lang='lat' dir='ltr'><strong>coeperant,</strong></span> <span class='ocrx_word' id='word_1_143' title='bbox 769 2809 915 2885; x_wconf 92' lang='lat' dir='ltr'><strong>quantae</strong></span> <span class='ocrx_word' id='word_1_144' title='bbox 946 2811 1045 2886; x_wconf 90' lang='lat' dir='ltr'><strong>atquc</strong></span> <span class='ocrx_word' id='word_1_145' title='bbox 1073 2824 1172 2887; x_wconf 91' lang='lat' dir='ltr'><strong>quam</strong></span> <span class='ocrx_word' id='word_1_146' title='bbox 1195 2805 1322 2871; x_wconf 90' lang='lat' dir='ltr'><strong>multae</strong></span> 
     </span>
     <span class='ocr_line' id='line_1_24' title="bbox 351 2901 1319 2974; baseline 0.013 -13"><span class='ocrx_word' id='word_1_147' title='bbox 351 2902 443 2962; x_wconf 89' lang='lat' dir='ltr'><strong>suut!</strong></span> <span class='ocrx_word' id='word_1_148' title='bbox 480 2901 554 2964; x_wconf 87' lang='lat' dir='ltr'><strong>Non</strong></span> <span class='ocrx_word' id='word_1_149' title='bbox 578 2903 664 2965; x_wconf 89' lang='lat' dir='ltr'><strong>enim</strong></span> <span class='ocrx_word' id='word_1_150' title='bbox 686 2901 837 2966; x_wconf 81' lang='lat' dir='ltr'><strong>bellandi</strong></span> <span class='ocrx_word' id='word_1_151' title='bbox 860 2904 969 2967; x_wconf 87' lang='lat' dir='ltr'><strong>virtus</strong></span> <span class='ocrx_word' id='word_1_152' title='bbox 992 2903 1098 2968; x_wconf 89' lang='lat' dir='ltr'><strong>solum</strong></span> <span class='ocrx_word' id='word_1_153' title='bbox 1129 2909 1163 2970; x_wconf 94' lang='lat' dir='ltr'><strong>in</strong></span> <span class='ocrx_word' id='word_1_154' title='bbox 1194 2929 1319 2974; x_wconf 90' lang='lat' dir='ltr'><strong>summo</strong></span> 
     </span>
     <span class='ocr_line' id='line_1_25' title="bbox 351 3003 1321 3090; baseline 0.011 -25"><span class='ocrx_word' id='word_1_155' title='bbox 351 3025 391 3065; x_wconf 94' lang='lat' dir='ltr'><strong>ac</strong></span> <span class='ocrx_word' id='word_1_156' title='bbox 413 3003 562 3087; x_wconf 89' lang='lat' dir='ltr'><strong>perfecto</strong></span> <span class='ocrx_word' id='word_1_157' title='bbox 586 3006 787 3089; x_wconf 88' lang='lat' dir='ltr'><strong>imperatore</strong></span> <span class='ocrx_word' id='word_1_158' title='bbox 811 3006 1003 3090; x_wconf 85' lang='lat' dir='ltr'><strong>quaerenda</strong></span> <span class='ocrx_word' id='word_1_159' title='bbox 1027 3016 1087 3090; x_wconf 89' lang='lat' dir='ltr'><strong>est,</strong></span> <span class='ocrx_word' id='word_1_160' title='bbox 1112 3008 1172 3073; x_wconf 91' lang='lat' dir='ltr'><strong>sed</strong></span> <span class='ocrx_word' id='word_1_161' title='bbox 1194 3010 1321 3077; x_wconf 91' lang='lat' dir='ltr'><strong>multae</strong></span> 
     </span>
     <span class='ocr_line' id='line_1_26' title="bbox 351 3108 1355 3198; baseline 0.014 -32"><span class='ocrx_word' id='word_1_162' title='bbox 351 3114 429 3169; x_wconf 89' lang='lat' dir='ltr'><strong>sunt</strong></span> <span class='ocrx_word' id='word_1_163' title='bbox 451 3117 542 3172; x_wconf 87' lang='lat' dir='ltr'><strong>artcs</strong></span> <span class='ocrx_word' id='word_1_164' title='bbox 574 3110 716 3173; x_wconf 85' lang='lat' dir='ltr'><strong>eximiae</strong></span> <span class='ocrx_word' id='word_1_165' title='bbox 744 3108 841 3173; x_wconf 90' lang='lat' dir='ltr'><strong>huius</strong></span> <span class='ocrx_word' id='word_1_166' title='bbox 871 3108 1092 3175; x_wconf 84' lang='lat' dir='ltr'><strong>administrae</strong></span> <span class='ocrx_word' id='word_1_167' title='bbox 1114 3115 1355 3198; x_wconf 76' lang='lat' dir='ltr'><strong>comitesqueae</strong></span> 
     </span>
     <span class='ocr_line' id='line_1_27' title="bbox 350 3209 1319 3295; baseline 0.015 -28"><span class='ocrx_word' id='word_1_168' title='bbox 350 3209 495 3272; x_wconf 88' lang='lat' dir='ltr'><strong>virtutis.</strong></span> <span class='ocrx_word' id='word_1_169' title='bbox 518 3211 568 3274; x_wconf 89' lang='lat' dir='ltr'><strong>Ac</strong></span> <span class='ocrx_word' id='word_1_170' title='bbox 583 3212 724 3293; x_wconf 90' lang='lat' dir='ltr'><strong>primum</strong></span> <span class='ocrx_word' id='word_1_171' title='bbox 741 3221 867 3295; x_wconf 92' lang='lat' dir='ltr'><strong>quanta</strong></span> <span class='ocrx_word' id='word_1_172' title='bbox 890 3214 1083 3278; x_wconf 88' lang='lat' dir='ltr'><strong>innocentia</strong></span> <span class='ocrx_word' id='word_1_173' title='bbox 1107 3214 1228 3280; x_wconf 90' lang='lat' dir='ltr'><strong>debent</strong></span> <span class='ocrx_word' id='word_1_174' title='bbox 1245 3239 1319 3283; x_wconf 90' lang='lat' dir='ltr'><strong>esse</strong></span> 
     </span>
     <span class='ocr_line' id='line_1_28' title="bbox 350 3309 1317 3396; baseline 0.013 -27"><span class='ocrx_word' id='word_1_175' title='bbox 350 3309 583 3392; x_wconf 89' lang='lat' dir='ltr'><strong>imperatores!</strong></span> <span class='ocrx_word' id='word_1_176' title='bbox 608 3322 734 3396; x_wconf 88' lang='lat' dir='ltr'><strong>quanta</strong></span> <span class='ocrx_word' id='word_1_177' title='bbox 759 3313 880 3377; x_wconf 88' lang='lat' dir='ltr'><strong>deinde</strong></span> <span class='ocrx_word' id='word_1_178' title='bbox 902 3315 937 3379; x_wconf 92' lang='lat' dir='ltr'><strong>in</strong></span> <span class='ocrx_word' id='word_1_179' title='bbox 954 3316 1105 3381; x_wconf 90' lang='lat' dir='ltr'><strong>omnibus</strong></span> <span class='ocrx_word' id='word_1_180' title='bbox 1121 3316 1220 3381; x_wconf 88' lang='lat' dir='ltr'><strong>rebus</strong></span> <span class='ocrx_word' id='word_1_181' title='bbox 1236 3327 1317 3384; x_wconf 90' lang='lat' dir='ltr'><strong>tem·</strong></span> 
     </span>
     <span class='ocr_line' id='line_1_29' title="bbox 349 3413 1317 3502; baseline 0.015 -31"><span class='ocrx_word' id='word_1_182' title='bbox 349 3413 517 3493; x_wconf 79' lang='lat' dir='ltr'><strong>perantia!</strong></span> <span class='ocrx_word' id='word_1_183' title='bbox 555 3423 681 3497; x_wconf 89' lang='lat' dir='ltr'><strong>quanta</strong></span> <span class='ocrx_word' id='word_1_184' title='bbox 709 3415 785 3497; x_wconf 92' lang='lat' dir='ltr'><strong>fide,</strong></span> <span class='ocrx_word' id='word_1_185' title='bbox 824 3427 949 3500; x_wconf 91' lang='lat' dir='ltr'><strong>quanta</strong></span> <span class='ocrx_word' id='word_1_186' title='bbox 978 3416 1152 3498; x_wconf 86' lang='lat' dir='ltr'><strong>facilitate,</strong></span> <span class='ocrx_word' id='word_1_187' title='bbox 1191 3431 1317 3502; x_wconf 88' lang='lat' dir='ltr'><strong>quanto</strong></span> 
     </span>
     <span class='ocr_line' id='line_1_30' title="bbox 349 3512 1317 3606; baseline 0.015 -34"><span class='ocrx_word' id='word_1_188' title='bbox 349 3512 493 3594; x_wconf 85' lang='lat' dir='ltr'><strong>ingenio,</strong></span> <span class='ocrx_word' id='word_1_189' title='bbox 517 3525 643 3598; x_wconf 88' lang='lat' dir='ltr'><strong>quanta</strong></span> <span class='ocrx_word' id='word_1_190' title='bbox 665 3516 891 3581; x_wconf 87' lang='lat' dir='ltr'><strong>humanitate!</strong></span> <span class='ocrx_word' id='word_1_191' title='bbox 916 3517 1010 3596; x_wconf 77' lang='lat' dir='ltr'><strong>Quae</strong></span> <span class='ocrx_word' id='word_1_192' title='bbox 1033 3518 1182 3583; x_wconf 88' lang='lat' dir='ltr'><strong>breviter</strong></span> <span class='ocrx_word' id='word_1_193' title='bbox 1204 3522 1317 3606; x_wconf 91' lang='lat' dir='ltr'><strong>qualia</strong></span> 
     </span>
     <span class='ocr_line' id='line_1_31' title="bbox 351 3615 1352 3705; baseline 0.013 -28"><span class='ocrx_word' id='word_1_194' title='bbox 351 3617 418 3679; x_wconf 92' lang='lat' dir='ltr'><strong>siut</strong></span> <span class='ocrx_word' id='word_1_195' title='bbox 448 3617 482 3680; x_wconf 93' lang='lat' dir='ltr'><strong>in</strong></span> <span class='ocrx_word' id='word_1_196' title='bbox 506 3615 565 3682; x_wconf 83' lang='lat' dir='ltr'><strong>On.</strong></span> <span class='ocrx_word' id='word_1_197' title='bbox 588 3619 745 3705; x_wconf 91' lang='lat' dir='ltr'><strong>Pompeio</strong></span> <span class='ocrx_word' id='word_1_198' title='bbox 769 3620 1038 3702; x_wconf 83' lang='lat' dir='ltr'><strong>consideremus3</strong></span> <span class='ocrx_word' id='word_1_199' title='bbox 1073 3643 1199 3686; x_wconf 90' lang='lat' dir='ltr'><strong>summa</strong></span> <span class='ocrx_word' id='word_1_200' title='bbox 1229 3626 1352 3691; x_wconf 84' lang='lat' dir='ltr'><strong>enimao</strong></span> 
     </span>
     <span class='ocr_line' id='line_1_32' title="bbox 350 3719 1315 3804; baseline 0.012 -25"><span class='ocrx_word' id='word_1_201' title='bbox 350 3719 460 3782; x_wconf 90' lang='lat' dir='ltr'><strong>omnia</strong></span> <span class='ocrx_word' id='word_1_202' title='bbox 491 3729 578 3803; x_wconf 86' lang='lat' dir='ltr'><strong>sunt,</strong></span> <span class='ocrx_word' id='word_1_203' title='bbox 612 3721 772 3802; x_wconf 75' lang='lat' dir='ltr'><strong>Quirites,</strong></span> <span class='ocrx_word' id='word_1_204' title='bbox 808 3721 868 3786; x_wconf 93' lang='lat' dir='ltr'><strong>sed</strong></span> <span class='ocrx_word' id='word_1_205' title='bbox 898 3745 936 3786; x_wconf 92' lang='lat' dir='ltr'><strong>ea</strong></span> <span class='ocrx_word' id='word_1_206' title='bbox 965 3725 1072 3804; x_wconf 87' lang='lat' dir='ltr'><strong>magis</strong></span> <span class='ocrx_word' id='word_1_207' title='bbox 1104 3747 1147 3788; x_wconf 87' lang='lat' dir='ltr'><strong>ex</strong></span> <span class='ocrx_word' id='word_1_208' title='bbox 1175 3723 1315 3792; x_wconf 87' lang='lat' dir='ltr'><strong>aliorum</strong></span> 
     </span>
    </p>
   </div>
   <div class='ocr_carea' id='block_1_3' title="bbox 0 0 1580 4375">
    <p class='ocr_par' dir='ltr' id='par_1_7' title="bbox 0 0 1580 4375">
     <span class='ocr_line' id='line_1_33' title="bbox 0 0 1580 4375; baseline 0 0"><span class='ocrx_word' id='word_1_209' title='bbox 0 0 1580 4375; x_wconf 95' lang='lat' dir='ltr'><strong> </strong></span> 
     </span>
    </p>
   </div>
  </div>
 </body>
</html>
