3150 4375
606 431 684 481 cnr.
703 433 813 483 18-19.
832 430 857 489 s.
875 433 985 482 ar-ra
1233 430 1273 495 27

408 604 503 667 Bono
536 610 571 665 te
605 600 716 665 animo
749 610 831 682 tum,
866 600 907 682 Q.
929 601 1102 682 Hortensi,
1134 601 1317 700 populuslt

305 706 474 770 Romanus
498 711 531 768 et
554 710 696 786 ceteros,
720 704 776 787 qui
800 711 897 767 erant
912 704 947 767 in
964 702 1080 768 eadem
1097 688 1310 783 sententia,⁶⁶

306 806 419 873 dicere
435 805 645 870 existimavit
669 826 720 886 ea,
743 825 830 889 quaa
853 804 1063 887 sentiebatis,
1088 805 1148 871 sed
1163 814 1276 871 tamen

306 910 341 974 in
368 909 478 973 salute
506 907 673 973 communi
702 905 791 972 idem
813 905 955 993 populus
976 907 1145 971 Romanus
1170 907 1276 972 dolori

284 1032 366 1079 osuo
389 1009 510 1075 maluit
533 1031 633 1093 quam
655 1009 854 1074 auctoritati
878 1017 1013 1073 vestrae
1036 1008 1276 1095 obtemperare.

305 1113 424 1198 Itaque
446 1134 513 1177 una
536 1111 604 1193 lex,
637 1133 724 1176 unus
752 1112 816 1192 vir,
849 1133 934 1175 unus
959 1133 1066 1177 annus
1089 1133 1156 1176 non
1179 1111 1276 1178 modo

305 1236 366 1279 nos
390 1213 450 1279 illa
472 1215 609 1278 miseria
625 1234 666 1278 ac
682 1212 892 1297 turpitudine
907 1213 1076 1296 liberavit,
1099 1213 1159 1279 sed
1175 1216 1277 1280 etiam

307 1316 427 1399 effecit,
449 1324 486 1379 ut
509 1313 691 1399 aliquando
714 1337 794 1380 vere
816 1314 1007 1381 videremur
1030 1315 1183 1380 omnibus
1199 1336 1277 1399 gen·

306 1418 396 1482 tibus
426 1439 466 1483 ac
489 1417 685 1483 nationibus
708 1426 802 1482 terra
824 1419 974 1502 marique
996 1418 1169 1503 imperare.
1204 1417 1277 1499 Quo
1287 1437 1311 1479 or

274 1520 387 1589 romihi
404 1522 507 1585 etiam
529 1519 703 1602 indignius
725 1520 862 1585 videtur
884 1520 1110 1586 obtrectatum
1133 1542 1206 1585 esse
1222 1519 1279 1585 ad·

305 1621 381 1704 huc,
406 1620 553 1687 Gabinio
578 1622 688 1688 dicam
711 1645 799 1687 anne
821 1623 977 1708 Pompeio
1001 1645 1045 1688 an
1067 1624 1210 1708 utrique,
1243 1622 1280 1689 id

307 1724 396 1811 quod
412 1734 464 1790 est
478 1726 600 1807 verius,
623 1747 666 1789 ne
682 1724 854 1807 legaretur
870 1724 910 1789 Α.
925 1723 1091 1790 Gabinius
1108 1724 1169 1791 On.
1184 1725 1278 1789 Pom·

305 1829 381 1913 peio
405 1828 578 1911 expetenti
601 1848 641 1891 ac
663 1825 860 1913 postulanti.
897 1827 1019 1892 Utrum
1043 1827 1109 1909 ille,
1139 1828 1196 1912 qui
1223 1847 1278 1911 po·

308 1930 413 1995 stulat
435 1929 635 1998 adtentum
656 1927 783 1993 bellum
797 1927 959 2011 legatum,
983 1950 1079 2013 quem
1094 1928 1187 2010 velit,
1211 1928 1279 1992 ido·

273 2053 389 2099 uncus
412 2051 481 2094 non
504 2039 566 2110 est,
589 2032 646 2114 qui
668 2032 834 2115 impetret,
858 2052 933 2096 cum
948 2032 1053 2096 ceteri
1069 2030 1114 2095 ad
1130 2030 1279 2115 expilan-

308 2133 369 2199 dos
386 2133 496 2198 socios
514 2131 786 2219 diripiendasque
802 2136 994 2219 prouincias
1008 2156 1089 2221 quos
1102 2132 1279 2199 voluerunt

308 2237 440 2321 legatos
457 2235 645 2318 eduxerint,
668 2258 712 2300 an
735 2238 818 2322 ipse,
841 2238 936 2303 cuius
952 2235 1027 2321 lege
1043 2237 1134 2302 salus
1150 2256 1191 2302 ao
1209 2235 1280 2319 dig·

307 2340 398 2404 nitas
421 2337 543 2424 populo
558 2338 710 2402 Romano
734 2349 835 2423 atque
859 2337 1011 2405 omnibus
1028 2338 1185 2422 gentibus
1202 2359 1279 2404 con·

309 2443 430 2506 stituta
447 2450 510 2521 est,
533 2462 653 2522 expers
678 2462 751 2504 esse
776 2441 875 2505 debet
899 2441 1028 2522 gloriae
1052 2442 1122 2504 eius
1139 2443 1279 2526 impera·

275 2544 393 2607 sotoris
422 2549 524 2625 atque
553 2542 625 2604 eius
654 2543 834 2621 exercitus,
869 2544 925 2625 qui
948 2541 1088 2606 consilio
1112 2543 1216 2625 ipsius
1240 2566 1280 2608 ac

309 2643 457 2730 periculo
481 2652 534 2708 est
556 2641 784 2707 constitutus?
807 2640 862 2705 An
885 2639 922 2705 Ο.
944 2640 1132 2723 Falcidius,
1156 2642 1196 2721 Q.
1212 2643 1278 2708 Me·
1289 2662 1314 2702 rs

308 2745 420 2827 tellus,
444 2744 484 2824 Q.
508 2742 644 2807 Caelius
667 2742 888 2824 Latiniensis,
913 2740 974 2806 On.
996 2742 1174 2824 Lentulus,
1198 2764 1281 2827 quos

310 2868 425 2912 omnes
451 2845 588 2910 honoris
617 2865 722 2908 causa
749 2846 895 2926 nomino,
929 2865 1005 2908 cum
1036 2843 1164 2909 tribuni
1190 2844 1281 2930 plebi

309 2950 463 3031 fuissent,
498 2968 586 3012 anno
609 2947 760 3032 proximo
791 2945 897 3029 legati
921 2967 994 3011 esse
1016 2954 1213 3030 potuerunt3
1247 2949 1281 3012 in

277 3074 375 3119 rsuno
392 3049 539 3115 Gabinio
564 3058 642 3115 sunt
657 3057 726 3113 tam
744 3047 935 3130 diligentes,
960 3050 1016 3132 qui
1039 3049 1073 3111 in
1096 3046 1159 3113 hoc
1183 3049 1282 3130 bello,

312 3154 400 3240 quod
416 3152 490 3235 lege
507 3150 656 3217 Gabinia
672 3152 811 3233 geritur,
835 3152 871 3214 in
885 3150 948 3214 hoc
964 3151 1165 3234 imperatore
1181 3162 1282 3236 atque

312 3256 474 3337 exercitu,
496 3276 594 3340 quem
608 3277 667 3339 per
681 3275 741 3318 vos
759 3254 831 3338 ipse
848 3253 1034 3335 constituit,
1062 3253 1162 3316 etiam
1188 3274 1282 3337 prae·

312 3361 409 3445 oipuo
432 3360 504 3424 iure
527 3379 601 3423 esse
618 3356 780 3422 deberet?
802 3355 856 3421 De
871 3378 935 3442 quo
958 3354 1112 3438 legandov
1128 3354 1282 3421 consules

313 3484 409 3547 spero
433 3461 478 3528 ad
501 3469 654 3526 senatum
675 3460 858 3533 relaturos3
882 3458 983 3543 quisi
1008 3455 1196 3527 dubitabun
1224 3468 1228 3473 '

280 3588 304 3628 eo
313 3563 555 3646 gravabuntur,
590 3583 652 3646 ego
683 3584 735 3626 me
763 3563 922 3647 profiteor
950 3560 1144 3641 relaturum,
1250 3589 1258 3610 ·

312 3687 366 3730 me
398 3664 556 3749 impediet
590 3667 787 3749 cuiusquam
820 3665 992 3729 inimicum
1027 3456 1328 3914 edictus
