3150 4375
632 448 710 498 cnr.
727 448 805 499 4-5.
824 446 950 505 §e-ra
1259 446 1278 511 7

308 622 430 698 iumen,
454 623 658 685 exstinctum
681 642 755 683 esse
777 618 972 702 voluerunt3
994 641 1058 683 vos
1071 640 1145 684 eum
1165 638 1278 702 regem

308 724 448 789 inultum
473 745 548 787 esse
562 722 748 810 patiemini,
771 723 829 806 qui
844 720 993 804 legatum
1009 720 1122 807 populi
1136 721 1279 786 Romani

307 826 519 891 consularem
553 825 699 890 vinculis
737 846 778 889 ac
815 822 1013 888 verberibus
1051 832 1152 909 atque
1190 825 1279 888 omni

309 926 472 1011 supplicio
513 928 744 992 excruciatum
779 925 944 991 necavit?
987 924 1044 991 Illi
1086 924 1279 990 libertatem

287 1027 517 1096 simminutam
540 1030 665 1094 civium
687 1029 911 1093 Romanorum
933 1050 1001 1093 non
1023 1026 1191 1111 tulerunt3
1218 1049 1279 1092 vos

309 1141 457 1217 ereptam
484 1133 591 1198 vitam
619 1130 831 1215 neglegetis?
873 1131 930 1196 Ius
964 1131 1145 1214 legationis
1175 1130 1279 1196 verbo

308 1234 470 1299 violatum
503 1233 555 1299 illi
582 1235 749 1320 persecuti
784 1240 881 1315 sunt3
912 1255 972 1298 vos
1007 1234 1157 1315 legatum
1191 1235 1280 1296 omni

310 1336 473 1421 supplicio
497 1336 711 1400 interfectum
734 1332 956 1420 relinquetis?
999 1334 1124 1400 Videte
1156 1357 1209 1418 ne,
1242 1343 1313 1399 ut1²

308 1437 375 1502 illis
420 1435 679 1523 pulcherrimum
722 1437 787 1502 fuit
832 1447 963 1502 tantam
1007 1435 1105 1502 vobis
1149 1437 1280 1523 imperii

275 1540 451 1624 ingloriam
483 1539 628 1623 tradere,
668 1541 717 1606 sic
754 1538 851 1605 vobio
890 1541 1119 1626 turpissimum
1152 1541 1197 1604 sit
1234 1540 1280 1622 id,

308 1643 398 1727 quod
420 1643 611 1726 accepistis,
633 1644 723 1707 tueri
746 1651 778 1708 et
802 1664 1004 1708 conservare
1027 1665 1094 1708 non
1116 1664 1226 1728 posse.

412 1743 525 1825 Quid?
547 1743 638 1829 quod
660 1744 751 1808 salus
776 1746 942 1810 sociorum
959 1767 1122 1810 summum
1144 1747 1178 1809 in
1194 1744 1280 1830 peri·

308 1847 420 1913 culum
448 1869 489 1912 ac
518 1845 700 1911 discrimen
728 1855 881 1927 vocatur,
916 1867 979 1930 quo
1004 1846 1139 1911 tandem
1169 1847 1280 1910 animo

308 1949 394 2014 ferre
425 1947 579 2014 debetis?
617 1949 733 2031 Regno
762 1957 815 2014 est
843 1948 1002 2034 expulsus
1031 1947 1280 2014 Ariobarzanes

275 2072 379 2130 urcx,
396 2053 506 2113 socius
523 2051 635 2134 populi
653 2051 795 2114 Romani
819 2062 920 2137 atque
939 2053 1084 2134 amicus3
1106 2054 1280 2117 imminent

311 2152 375 2217 duo
398 2171 495 2234 reges
519 2154 582 2217 toti
598 2151 702 2216 Asiae
723 2173 791 2216 non
807 2152 915 2219 solum
935 2154 1032 2219 vobis
1048 2155 1280 2236 inimicissimi,

310 2255 371 2319 sed
403 2256 507 2320 etiam
536 2256 660 2319 vestris
690 2255 791 2320 sociis
819 2263 921 2340 atque
950 2256 1084 2333 amicis3
1122 2257 1280 2321 civitates

310 2366 423 2422 autem
447 2378 560 2422 omnes
584 2367 707 2422 cuncta
730 2356 814 2422 Asia
837 2368 939 2443 atque
962 2357 1108 2424 Graecia
1131 2367 1279 2424 vestrum

310 2461 473 2524 auxilium
489 2466 687 2542 exspectare
702 2469 839 2543 propter
858 2459 1000 2544 periculi
1015 2460 1280 2542 magnitudinem

275 2570 492 2645 socoguntur3
526 2562 760 2647 imperatorem
784 2583 805 2625 a
827 2559 924 2625 vobis
948 2570 1076 2628 certum
1101 2561 1281 2648 deposcere

309 2686 385 2730 cum
407 2666 607 2749 praesertim
629 2685 690 2728 vos
713 2662 817 2728 alium
838 2664 1008 2742 miseritis,
1032 2684 1139 2748 neque
1156 2664 1280 2728 audent

309 2786 416 2850 neque
450 2787 486 2828 se
521 2763 557 2828 id
587 2766 700 2829 facere
734 2766 806 2828 sine
841 2787 967 2830 summo
1000 2766 1148 2852 periculo
1182 2787 1281 2852 posse

310 2867 530 2933 arbitrantur.
574 2866 701 2932 Vident
733 2875 768 2932 et
803 2869 952 2932 sentiunt
981 2867 1045 2934 hoc
1073 2867 1163 2933 idem
1193 2867 1318 2954 quod-rs

309 2993 381 3055 voa,
403 2993 505 3035 unum
527 2971 637 3035 virum
661 2991 745 3052 esse,
768 2971 803 3033 in
827 2991 892 3054 quo
916 2991 1044 3034 summa
1068 2972 1136 3035 sint
1160 2973 1280 3052 omnia,

274 3084 344 3141 raet
373 3094 448 3139 eum
469 3081 607 3159 propter
637 3094 719 3153 esse,
755 3093 819 3156 quo
850 3073 952 3136 etiam
981 3082 1098 3137 carent
1129 3076 1281 3156 aegrius3

310 3178 406 3242 cuius
430 3175 578 3240 adventu
602 3176 673 3258 ipso
698 3182 799 3258 atque
822 3176 965 3256 nomine,
999 3177 1134 3239 tametsi
1157 3176 1214 3239 ille
1237 3176 1281 3241 ad

309 3279 514 3344 maritimum
535 3276 661 3341 bellum
678 3277 818 3356 venerit,
841 3285 954 3341 tamen
978 3278 1121 3362 impetus
1136 3278 1282 3344 hostium

309 3401 479 3467 repressos
504 3401 577 3444 esse
600 3378 802 3463 intellegunt
826 3402 866 3446 ac
889 3380 1090 3448 retardatos.
1135 3385 1180 3447 Hi
1210 3405 1281 3464 vos,

311 3485 468 3568 quoniam
491 3482 596 3549 libere
619 3482 711 3569 loqui
733 3505 801 3548 non
824 3482 916 3567 licet,
949 3487 1056 3552 tacite
1078 3497 1210 3571 rogant,
1244 3503 1279 3551 ut

276 3608 348 3652 sose
378 3608 517 3671 quoque,
552 3588 638 3651 sicut
669 3597 857 3653 ceterarum
883 3589 1133 3670 provinciarum
1161 3591 1280 3672 socios,

313 3688 433 3772 dignos
457 3691 669 3774 existimetis,
694 3711 831 3775 quorum
855 3690 998 3757 salutem
1021 3693 1083 3757 tali
1105 3694 1177 3757 viro
1194 3713 1280 3757 com·
1293 3674 1342 3892 ⁴
