3150 4375
310 449 332 515 2
566 449 618 501 Du
634 449 788 500 IMPERIO
807 449 863 503 GN.
881 449 1029 504 POMPEI.

312 620 399 687 eullo
423 623 458 687 in
481 623 619 708 imperio
644 623 818 704 successit,
848 622 971 686 inertia
1002 634 1103 707 atque
1127 622 1283 688 socordia

311 723 435 789 callide
462 747 543 789 usus
573 733 624 788 est
646 722 863 789 Mithridates
886 723 932 789 ad
955 726 1168 808 omniafere,
1199 747 1284 811 quae

312 829 482 909 amiserat,
505 825 748 911 recuperanda.
779 823 921 890 Glabrio
944 828 1042 909 enim,
1061 825 1162 893 homo
1185 828 1285 914 plane

312 931 418 1014 impar
441 938 535 994 tanto
559 927 647 993 bello
671 927 830 1012 gerendo,
854 928 1069 1015 eBithyniae
1090 931 1285 1015 provinciae
1321 961 1324 968 ·

311 1031 433 1095 finibus
468 1053 569 1096 ausus
604 1033 738 1096 omnino
775 1053 844 1095 non
880 1040 932 1096 est
970 1030 1144 1097 excedere.
1190 1032 1285 1114 Quae

312 1155 387 1198 cum
409 1136 458 1198 ita
481 1142 603 1216 essent,
632 1131 669 1197 O.
685 1131 845 1197 Manilius
869 1133 1023 1198 tribunus
1045 1134 1154 1219 plebis
1176 1134 1285 1217 legem

313 1234 357 1299 ad
368 1233 526 1321 populum
538 1233 616 1299 tulit
630 1256 660 1298 a.
670 1233 711 1297 66
722 1237 869 1317 ineunte,
881 1236 931 1299 uti
944 1237 1119 1320 imperium
1131 1234 1212 1300 belli
1224 1235 1286 1300 Mi-

312 1336 487 1403 thridatici
510 1334 571 1401 On.
588 1338 744 1422 Pompeio
767 1337 996 1420 mandaretur,
1027 1339 1085 1423 qui
1107 1348 1178 1403 tum
1200 1338 1287 1402 forte

312 1439 400 1503 bello
415 1441 583 1504 maritimo
600 1438 763 1503 adversus
780 1437 922 1504 Ciliciae
937 1442 1066 1524 piratas
1082 1442 1235 1506 confecto
1252 1441 1287 1505 in

312 1541 396 1605 Asia
418 1541 599 1606 hiemabat.
638 1541 747 1621 Quam
769 1540 879 1624 legem
907 1540 1200 1608 vehementissime
1227 1542 1286 1606 im-

311 1643 510 1729 pugnabant
531 1644 720 1727 optimates,
742 1642 834 1708 haud
857 1644 980 1709 iniuria
995 1646 1106 1726 veriti,
1129 1668 1173 1709 ne
1187 1645 1286 1711 unius

312 1747 411 1810 nimis
435 1755 616 1829 augeretur
637 1748 800 1830 potentia,
824 1767 900 1812 cum
922 1746 998 1830 lege
1020 1746 1081 1812 illa
1096 1747 1237 1811 Manilia
1254 1757 1287 1811 et

312 1848 396 1915 Asia
407 1850 593 1935 provincia,
610 1850 664 1915 eui
674 1850 868 1935 praefuerat
879 1847 1052 1932 Lucullus,
1069 1859 1103 1915 et
1113 1848 1286 1935 Bithynia,

313 1954 368 2015 eui
384 1950 525 2016 Glabrio
541 1962 709 2036 praeerat,
731 1963 908 2038 praeterea
923 1951 1082 2039 Phrygia,
1097 1950 1286 2037 Lycaonia,

313 2050 462 2137 Galatia,
500 2050 727 2139 Cappadocia,
765 2052 888 2120 Cilicia
921 2056 1127 2140 provinciae,
1165 2055 1286 2119 classis

313 2158 394 2223 item
429 2166 461 2222 et
496 2178 610 2222 omnes
644 2158 762 2244 copiae
792 2160 991 2242 maritimae,
1030 2180 1113 2245 quas
1142 2157 1287 2244 piratico

313 2259 402 2324 bello
438 2261 504 2325 iam
539 2260 733 2324 obtinuerat
767 2261 955 2344 Pompeius,
993 2262 1090 2327 unius
1124 2262 1288 2346 potestati

313 2362 595 2444 permitterentur.
619 2358 747 2425 Oontra
762 2358 891 2443 Cicero,
914 2362 971 2447 qui
987 2384 1025 2427 eo
1047 2386 1135 2428 anno
1151 2372 1288 2450 praetor

314 2474 396 2547 erat,
430 2484 549 2527 suasor
572 2463 705 2528 exstitit
735 2462 821 2545 legis
844 2461 1007 2530 Maniliae
1036 2474 1069 2530 et
1091 2465 1167 2550 hac,
1202 2489 1287 2553 quae

312 2569 401 2633 infra
434 2567 568 2650 legitur,
604 2566 757 2632 oratione
778 2565 983 2650 Pompeium,
1018 2569 1113 2634 euius
1142 2572 1286 2634 virtutes

314 2681 348 2736 et
369 2693 423 2735 res
454 2667 679 2754 superioribus
710 2667 806 2732 bellis
830 2677 946 2750 gestas
970 2672 1105 2735 summis
1128 2670 1286 2737 laudibus

314 2773 418 2856 effert,
439 2774 538 2837 unice
562 2772 702 2855 dignum
724 2793 799 2836 esse
821 2770 965 2857 probare
982 2771 1104 2856 studet,
1128 2776 1184 2839 cui
1199 2777 1287 2839 tanti

312 2874 394 2938 belli
417 2876 591 2960 imperium
613 2873 815 2937 traderetur.
852 2874 964 2957 Atque
994 2875 1126 2958 perlata
1157 2886 1207 2941 est
1230 2877 1287 2942 lex

312 2974 454 3041 Manilia
478 2997 604 3041 summo
627 2975 742 3060 populi
765 2972 1033 3042 studio'cunctis
1057 2978 1237 3062 suffragiis.

697 3165 900 3174 -1-...-..

289 3285 304 3344 1
415 3267 625 3367 Quamquam
647 3283 729 3347 mihi
753 3305 882 3367 semper
904 3284 1061 3368 frequens
1085 3295 1285 3370 conspectus

291 3367 424 3452 ¹vester
452 3384 558 3451 multo
587 3385 859 3465 iucundissimus,
894 3384 948 3448 hie
972 3395 1084 3450 autem
1118 3385 1212 3451 locus
1242 3386 1286 3452 ad

312 3486 480 3570 agendum
502 3487 737 3572 amplissimus,
772 3485 816 3550 ad
846 3485 1023 3552 dicendum
1051 3489 1286 3554 ornatissimus

313 3598 363 3654 est
385 3592 490 3672 visus,
525 3590 684 3670 Quirites,
719 3597 832 3652 tamen
862 3589 925 3654 hoe
954 3589 1050 3654 aditu
1073 3589 1194 3675 laudis,
1230 3593 1286 3676 qui

313 3713 442 3778 semper
476 3694 601 3778 optimo
631 3693 748 3776 cuique
777 3693 924 3757 maxime
953 3695 1075 3779 patuit,
1109 3716 1177 3759 non
1211 3717 1306 3768 mear

250 3806 270 3900 l
