3150 4375
325 412 367 477 25
577 412 628 462 ns
645 410 800 463 mantuo
820 411 875 463 cu.
893 412 1040 464 Porum.

286 580 316 634 18
428 582 522 664 Quae
550 584 672 650 oivitas
701 592 803 648 antea
830 604 987 668 umquam
1013 586 1092 669 fuit,
1125 610 1192 653 non
1222 587 1295 655 dieo

290 660 596 768 “Atheniensium
641 708 726 771 quae
764 687 849 751 satis
886 685 955 753 late
993 688 1162 773 quondam
1204 714 1296 757 mare

323 790 472 854 tenuisse
502 789 635 869 dieitur,
669 810 736 853 non
760 787 1102 872 Carthaginiensium,
1137 794 1193 878 qui
1222 815 1294 879 per·

322 890 463 956 multum
486 891 598 956 olasse
621 911 661 955 ao
685 892 864 955 maritimis
886 891 987 957 rebus
1011 893 1201 977 valuerunt,
1229 916 1295 961 non

323 992 538 1075 Rhodiorum,
572 1014 711 1077 quorum
733 1014 839 1078 usque
862 993 907 1060 ad
929 1003 1081 1059 nostram
1103 998 1318 1062 memoriams

324 1094 504 1178 disciplina
525 1094 660 1159 navalis
684 1104 717 1160 et
740 1095 849 1179 gloria
864 1098 1037 1179 remansit,
1061 1118 1147 1181 quae
1162 1100 1295 1180 civitas,

323 1198 469 1281 inquam,
492 1205 595 1261 antea
617 1206 688 1261 tam
710 1199 833 1279 tenuis,
857 1219 942 1281 quae
966 1208 1034 1263 tam
1057 1220 1164 1283 parva
1186 1198 1295 1264 insula

322 1299 395 1381 fuit,
430 1320 514 1383 quae
543 1320 611 1363 non
638 1307 755 1383 portus
785 1322 863 1365 suos
892 1310 926 1365 et
956 1322 1056 1384 agros
1085 1311 1118 1367 et
1149 1302 1295 1388 aliquam

322 1410 454 1488 partem
475 1402 623 1484 regionis
648 1410 750 1485 atque
773 1423 853 1467 orae
869 1406 1059 1468 maritimae
1081 1427 1140 1489 per
1164 1428 1199 1469 se
1222 1406 1296 1490 ipsa

324 1502 541 1569 defenderet?
577 1501 625 1568 At
654 1502 791 1567 hercule
820 1502 949 1587 aliquot
981 1526 1086 1568 annos
1117 1508 1295 1570 continuos
1306 1529 1330 1568 ro

322 1614 402 1670 ante
424 1603 535 1686 legem
551 1601 736 1668 Gabiniam
758 1602 817 1667 ille
840 1603 981 1689 populus
998 1605 1176 1690 Romanus,
1199 1609 1294 1673 ouius

321 1729 426 1790 usque
454 1706 498 1770 ad
527 1713 678 1769 nostram
705 1707 901 1771 memoriam
931 1728 1053 1771 nomen
1075 1709 1239 1775 invictum
1261 1710 1295 1773 in

321 1807 502 1875 navalibus
518 1808 641 1893 pugnis
657 1810 890 1895 permanserit,
906 1830 1032 1892 magna
1048 1832 1089 1875 ao
1105 1810 1210 1875 multo
1226 1833 1294 1875 ma·

321 1914 414 1978 xima
446 1921 543 1996 parte
575 1933 642 1975 non
675 1911 774 1978 modo
808 1911 978 1994 utilitatis,
1017 1913 1077 1980 sed
1116 1913 1294 1995 dignitatis

287 2023 423 2098 ,5atque
445 2014 577 2097 imperii
599 2014 719 2078 oaruit.
756 2012 838 2093 Nos,
868 2034 1009 2098 quorum
1030 2015 1174 2080 maiores
1197 2014 1330 2081 Anti-ss

321 2116 441 2181 oohum
462 2135 576 2200 regem
599 2113 710 2180 classe
733 2116 933 2202 Persemque
963 2125 1162 2202 superarunt
1192 2119 1294 2183 omni·

321 2221 449 2305 busque
472 2219 652 2285 navalibus
675 2221 797 2304 pugnis
815 2217 1121 2304 Carthaginienses,
1143 2221 1293 2286 homines

321 2326 355 2387 in
367 2323 545 2387 maritimis
558 2320 659 2385 rebus
673 2322 975 2387 exercitatissimos
984 2323 1293 2408 paratissimosque,

321 2427 484 2505 vioerunt,
517 2423 543 2487 ii
570 2422 662 2487 nullo
691 2424 726 2488 in
754 2422 829 2488 loeo
853 2425 920 2490 iam
948 2424 1175 2509 praedonibus
1196 2445 1294 2511 pares

321 2549 395 2592 esse
416 2535 627 2612 poteramus3
648 2547 721 2608 nos,
745 2527 802 2611 qui
825 2534 926 2591 antea
949 2549 1017 2591 non
1039 2527 1137 2591 modo
1160 2525 1329 2590 Italiamao

319 2639 428 2694 tutam
450 2626 669 2706 habebamus,
694 2626 754 2693 sed
777 2649 890 2691 omnes
908 2629 1016 2692 sooios
1033 2629 1067 2691 in
1082 2627 1210 2692 ultimis
1227 2629 1293 2691 oris

321 2731 524 2798 auctoritate
557 2731 666 2794 nostri
694 2730 827 2815 imperii
855 2728 967 2795 salvos
996 2739 1172 2814 praestare
1199 2739 1292 2814 pote·

319 2857 441 2914 ramus,
465 2842 545 2915 tum,
568 2853 644 2896 oum
666 2831 777 2896 insula
792 2830 898 2896 Delos
921 2841 992 2896 tam
1013 2832 1129 2915 procul
1153 2854 1173 2896 a
1196 2830 1292 2895 nobis

321 2937 355 3000 in
377 2935 514 3016 Aegaeo
542 2935 628 2997 mari
650 2935 771 3017 posita,
806 2955 870 3019 quo
901 2954 1013 2997 omnes
1043 2932 1190 3017 undique
1218 2953 1292 2995 oum

319 3036 486 3103 mercibus
510 3045 612 3121 atque
635 3035 793 3099 oneribus
817 3033 1061 3117 commeabant,
1095 3035 1221 3100 referta
1244 3033 1292 3098 di·
1301 3067 1327 3108 25

319 3141 423 3223 vitiis,
446 3160 563 3223 parva,
599 3138 798 3219 sinemuro,
820 3135 905 3201 nihil
928 3136 1080 3217 timebat,
1115 3135 1204 3200 idem
1226 3156 1291 3199 non

318 3242 417 3307 modo
447 3240 629 3326 provinciis
664 3247 765 3324 atque
799 3240 867 3304 oris
889 3238 1012 3304 Italiae
1045 3239 1222 3303 maritimis
1252 3259 1291 3301 ao

319 3343 480 3430 portubus
510 3343 646 3424 nostris,
683 3341 742 3406 sed
765 3342 867 3406 etiam
889 3340 1002 3426 Appia
1031 3342 1098 3405 iam
1121 3342 1178 3403 via
1200 3359 1291 3402 eare-

319 3448 446 3513 bamus.
467 3444 514 3510 Et
535 3445 578 3508 iis
602 3442 806 3528 temporibus
828 3463 896 3506 non
911 3441 1059 3527 pudebat
1071 3441 1291 3523 magistratus

319 3549 431 3635 populi
458 3547 601 3612 Romani
633 3545 669 3609 in
697 3543 786 3610 huno
821 3546 928 3630 ipsum
962 3543 1073 3608 locum
1102 3540 1290 3622 escendere,
1300 3574 1325 3613 ,ο

319 3675 394 3716 oum
418 3672 491 3716 eum
513 3648 610 3713 nobis
633 3647 777 3712 maiores
800 3648 909 3712 nostri
934 3647 1063 3710 exuviis
1087 3645 1234 3710 nauticis
1257 3649 1289 3706 et

320 3754 479 3821 classium
502 3751 618 3836 spoliis
642 3759 798 3816 ornatum
821 3747 1051 3832 reliquissent!

271 3812 277 3877 l
