3150 4375
348 479 391 543 20
605 479 656 529 nn
672 479 826 530 rnrnmo
845 478 900 531 cu.
917 478 1064 531 norsum.

348 672 392 714 no
420 650 568 735 cupienti
595 650 729 735 quidem
762 652 918 734 cuiquam
945 652 1167 735 permittitur3
1200 652 1319 718 hiemis

348 753 447 835 enim,
480 773 548 816 non
575 753 742 820 avaritiae
770 752 960 836 perfugium
982 754 1126 818 maiores
1148 754 1255 818 nostri
1284 754 1321 817 in

349 855 516 919 sociorum
539 862 639 938 atque
662 854 845 918 amicorum
867 855 969 917 tectis
993 876 1067 919 esse
1089 853 1276 920 voluerunt.

309 943 340 1063 ¹42
449 955 525 1037 Age
547 977 627 1020 vero
651 956 773 1021 ceteris
797 956 833 1020 in
854 954 954 1020 rebus
986 978 1051 1042 qua
1075 955 1132 1021 ille
1163 958 1208 1022 sit
1237 966 1319 1022 tem-

347 1058 513 1141 perantia,
535 1058 757 1122 considerate.
795 1056 893 1123 Unde
921 1057 1014 1122 illam
1045 1065 1175 1122 tantam
1202 1057 1343 1127 celeri-s

347 1166 452 1223 tatem
476 1168 509 1223 et
532 1167 603 1224 tam
626 1159 861 1224 incredibilem
884 1180 1019 1224 cursum
1036 1161 1207 1224 inventum
1221 1168 1319 1243 puts·

348 1260 417 1325 tis?
449 1262 525 1327 Non
548 1264 637 1327 enim
658 1262 753 1328 illum
775 1264 900 1328 eximia
922 1264 1159 1347 visremigum
1182 1270 1242 1328 aut
1263 1283 1321 1326 ars

349 1361 504 1428 inaudita
528 1365 693 1449 quaedam
708 1364 923 1448 gubernandi
939 1374 999 1429 aut
1012 1366 1107 1430 venti
1122 1363 1227 1449 aliqui
1241 1362 1322 1427 novi

304 1542 306 1545 Ι
348 1473 419 1529 tam
434 1464 590 1531 celeriter
611 1470 647 1532 in
664 1467 801 1532 ultimas
817 1475 927 1533 terras
941 1466 1160 1552 pertulerunt,
1184 1464 1322 1529 sedeas

348 1589 413 1650 res,
437 1589 523 1653 quae
539 1577 667 1634 ceteros
682 1569 844 1634 remorari
861 1567 979 1648 solent,
1002 1590 1070 1633 non
1084 1565 1359 1639 retardaruntzw

348 1690 416 1733 non
444 1671 591 1733 avaritia
622 1669 665 1735 ab
693 1670 851 1736 instituto
880 1692 982 1735 cursu
1012 1669 1057 1734 ad
1078 1668 1239 1755 praedam
1260 1666 1322 1734 ali·

349 1792 448 1856 quam
476 1771 665 1855 devocavit,
699 1794 767 1837 non
794 1771 900 1837 libido
929 1771 975 1837 ad
1001 1771 1220 1856 voluptatem,
1253 1791 1322 1835 non

349 1876 536 1940 amoenitas
565 1875 611 1939 ad
639 1875 909 1955 delectationem,
942 1894 1010 1938 non
1037 1873 1198 1939 nobilitas
1227 1871 1321 1938 urbis

349 1976 394 2039 ad
407 1978 643 2058 cognitionem,
660 1998 727 2040 non
745 1976 887 2061 denique
903 1974 1001 2040 labor
1015 1976 1087 2061 ipse
1102 1975 1148 2040 ad
1159 1975 1322 2061 quictem3

348 2085 516 2162 postremo
550 2078 650 2160 signa
684 2086 717 2141 et
750 2076 886 2142 tabulas
915 2085 1095 2162 ceteraque
1124 2087 1357 2153 ornamentum

350 2176 557 2246 Graecorum
585 2178 791 2265 oppidorum,
825 2202 910 2266 quae
939 2180 1044 2243 ceteri
1074 2177 1224 2244 tollenda
1247 2201 1322 2245 esse

350 2282 570 2362 arbitrantur,
604 2303 644 2344 ea
673 2281 739 2344 sibi
766 2280 825 2344 ille
854 2303 896 2345 ne
923 2281 1065 2345 visenda
1095 2271 1228 2366 quidem
1251 2282 1321 2348 exi·

315 2384 511 2455 41stimavit.
535 2383 655 2467 Itaque
679 2403 792 2446 omnes
816 2384 962 2446 nuncin
986 2383 1028 2447 iis
1051 2380 1134 2446 locis
1150 2381 1209 2446 On.
1225 2383 1321 2447 Pom·

350 2485 461 2570 poium
476 2486 563 2551 siout
586 2485 732 2570 aliquem
754 2506 823 2549 non
846 2507 889 2549 ex
911 2484 975 2550 hac
991 2483 1074 2548 urbe
1089 2484 1237 2567 missum,
1260 2483 1322 2548 sed

351 2587 392 2652 de
414 2587 510 2652 caelo
535 2586 708 2671 delapsum
731 2589 918 2668 intuentur3
948 2608 1037 2650 nunc
1065 2586 1208 2670 denique
1236 2585 1358 2658 inci-20

349 2691 446 2774 piunt
474 2689 612 2754 credere
641 2689 746 2754 fuisse
768 2688 917 2753 homines
940 2689 1107 2754 Romanos
1131 2686 1195 2751 hac
1219 2709 1322 2773 quon·

351 2788 429 2856 dam
451 2793 671 2874 continentia,
704 2792 883 2877 quodiam
905 2791 1099 2855 nationibus
1123 2790 1248 2856 exteris
1272 2791 1322 2854 in·

350 2892 514 2960 credibile
542 2914 584 2956 ac
610 2892 697 2958 falso
726 2894 906 2957 memoriae
934 2892 1103 2977 proditum
1125 2890 1322 2976 videbatur3

350 3017 437 3060 nunc
466 2995 596 3080 imperii
624 2996 730 3059 vestri
759 2993 918 3079 splendor
939 2992 1009 3057 illis
1032 2992 1189 3076 gentibus
1211 2993 1322 3060 lucem

350 3097 482 3162 adferre
511 3098 638 3182 coepit3
671 3118 761 3163 nunc
789 3095 991 3179 intellegunt
1020 3118 1086 3160 non
1115 3098 1187 3161 sine
1216 3119 1321 3163 causa
1330 3128 1358 3170 ω

350 3202 492 3265 maiores
517 3223 594 3265 suos
610 3210 690 3280 tum,
713 3222 791 3265 cum
807 3221 846 3265 ea
861 3200 1086 3283 temperantia
1100 3200 1321 3282 magistratus

350 3300 567 3385 habebamus,
592 3304 717 3367 servire
732 3301 855 3387 populo
871 3301 1019 3366 Romano
1043 3322 1142 3386 quam
1158 3301 1322 3383 imperare

351 3404 428 3471 aliis
451 3404 620 3471 maluisse.
643 3405 716 3470 Iam
737 3426 818 3469 vero
842 3406 891 3468 ita
914 3401 1033 3467 faciles
1056 3401 1169 3466 aditus
1184 3399 1230 3465 ad
1246 3421 1322 3464 eum

351 3509 567 3593 privatorum,
601 3508 650 3572 ita
682 3504 811 3572 liberas
845 3506 1070 3592 querimoniae
1105 3503 1146 3567 de
1179 3502 1322 3570 aliorum

351 3612 483 3676 iniuriis
507 3631 580 3674 esse
604 3608 770 3691 dicuntur,
803 3617 840 3674 ut
863 3610 903 3691 is,
927 3609 985 3692 qui
1009 3607 1176 3691 dignitate
1198 3606 1357 3692 princi-so

351 3711 449 3797 pibus
472 3710 620 3795 excellit,
641 3711 808 3777 facilitate
832 3711 954 3775 infimis
976 3732 1038 3796 par
1061 3733 1134 3777 esse
1156 3709 1319 3775 videatur.
