3150 4375
615 461 690 511 cnr.
703 460 814 510 ao-as.
830 461 853 521 ς.
873 459 981 509 or-so.
997 525 1001 530 ἡ
1237 454 1281 519 33

309 636 433 680 summo
451 616 586 698 ingenio
603 623 635 679 et
650 613 831 699 prudentia
846 611 1035 696 praeditus,
1053 619 1103 674 est
1118 606 1178 672 On.
1190 605 1278 674 Len·

309 716 410 799 tulus,
433 718 468 781 in
491 738 555 802 quo
579 738 692 781 omnes
715 737 775 801 pro
799 714 1015 799 amplissimis
1031 713 1154 777 vestris
1177 710 1278 775 hono·

308 817 402 883 ribus
419 839 581 883 summum
597 818 784 897 eonsilium,
809 836 970 879 summam
986 814 1188 898 gravitatem
1205 834 1278 877 esse

310 920 533 1002 cognovistis,
573 928 624 984 est
654 917 692 984 O.
715 917 865 1000 Cassius,
903 918 1109 999 integritate,
1143 916 1279 996 virtute,

275 1054 289 1093 5
308 1021 500 1085 constantia
523 1018 696 1103 singulari.
730 1017 843 1099 Quare
864 1016 987 1097 videte,
1020 1015 1179 1080 horumne
1202 1035 1279 1079 auo·

307 1120 503 1186 toritatibus
532 1120 666 1186 illorum
701 1122 862 1201 orationi,
897 1119 954 1203 qui
983 1118 1202 1200 dissentiunt,
1229 1137 1279 1181 re·

309 1221 473 1307 spondere
495 1243 595 1309 posse
616 1221 801 1287 videamur.

411 1322 506 1404 Quae
529 1345 604 1388 oum
626 1324 676 1387 ita
697 1324 778 1404 sint,
801 1319 838 1385 O.
862 1321 992 1403 Manili,
1013 1322 1157 1405 primum
1178 1321 1279 1384 istam

307 1433 456 1490 tuamet
479 1423 589 1507 legem
612 1434 645 1489 et
665 1423 875 1488 voluntatem
899 1431 931 1488 et
955 1423 1157 1488 sententiam
1179 1420 1280 1486 laudo

276 1525 667 1611 10vehemeutissimeque
690 1523 885 1609 comprob03
911 1523 1031 1589 deinde
1047 1533 1080 1589 te
1095 1523 1219 1604 hortor,
1242 1533 1281 1588 ut

309 1638 449 1693 auctore
472 1626 593 1712 populo
609 1627 761 1691 Romano
783 1648 923 1692 maneas
945 1628 981 1691 in
1005 1628 1174 1691 sententia
1195 1646 1281 1690 neve

307 1730 506 1814 cuiusquam
528 1730 596 1792 vim
618 1737 679 1793 aut
699 1728 809 1792 minas
832 1728 1062 1812 pertimescas.
1084 1728 1231 1795 Primum
1246 1732 1280 1794 in

308 1841 343 1896 te
376 1832 461 1896 satis
495 1851 570 1894 esse
605 1828 708 1894 animi
740 1830 1081 1914 perseverantiaeque
1117 1830 1280 1912 arbitror3

310 1932 432 1998 deinde
455 1952 530 1997 eum
553 1939 685 1995 tantam
699 1929 949 1996 multitudinem
964 1953 1040 1996 oum
1054 1941 1151 1997 tanto
1169 1933 1281 1999 studio

277 2036 431 2108 „adesse
453 2033 638 2114 videamus,
662 2042 823 2118 quantam
851 2022 972 2098 iterum
994 2055 1083 2098 nuno
1106 2035 1142 2099 in
1164 2036 1281 2103 eodem

310 2138 443 2204 homine
475 2134 701 2223 praeficiendo
730 2134 894 2217 videmus,
923 2135 1003 2222 quid
1032 2145 1082 2202 est
1111 2137 1199 2223 quod
1222 2148 1281 2203 aut

309 2240 351 2304 de
372 2261 408 2304 re
430 2247 491 2304 aut
514 2237 556 2302 de
577 2236 771 2322 perficiendi
794 2236 958 2302 facultate
974 2237 1186 2303 dubitemus?
1207 2238 1280 2322 Ego

309 2350 430 2422 autem,
454 2337 618 2424 quidquid
641 2347 691 2403 est
714 2340 749 2402 in
773 2360 826 2402 me
842 2338 957 2422 studii,
980 2339 1121 2422 consilii,
1144 2340 1281 2422 laboris,

307 2442 446 2525 ingenii,
481 2439 642 2525 quidquid
681 2438 744 2503 hoo
782 2439 945 2505 beneficio
988 2440 1102 2524 populi
1139 2442 1280 2507 Romani

274 2551 409 2628 ‚oatque
437 2540 501 2606 hae
528 2548 698 2625 potestate
729 2542 911 2626 praetoria,
946 2540 1108 2626 quidquid
1136 2545 1316 2608 auctori-⁷⁰

308 2653 391 2726 tate,
423 2642 500 2725 fide,
534 2643 728 2706 constantia
756 2663 903 2727 possum,
938 2641 974 2707 id
1002 2664 1097 2709 omne
1125 2644 1171 2709 ad
1192 2643 1280 2711 hano

308 2768 377 2810 rem
400 2743 642 2809 conficiendam
663 2743 727 2808 tibi
750 2753 783 2808 et
806 2745 928 2830 populo
950 2744 1098 2810 Romano
1121 2744 1281 2829 polliceor

310 2869 349 2912 aa
380 2846 491 2910 defero
522 2854 694 2931 testorque
723 2867 836 2910 omnes
868 2846 947 2910 deos
977 2855 1009 2910 et
1040 2869 1095 2912 eos
1124 2849 1279 2930 maxime,

1289 1302 1323 1356 tl

1289 1373 1315 1413 oa

309 2949 364 3033 qui
393 2947 470 3012 huic
498 2946 572 3011 loeo
601 2945 790 3032 temploque
818 2948 1022 3032 praesident,
1051 2951 1106 3035 qui
1135 2951 1280 3014 omnium

276 3058 436 3124 amentes
461 3070 582 3131 eorum,
613 3050 669 3134 qui
693 3049 738 3113 ad
760 3072 831 3113 rem
857 3048 1029 3136 publicam
1052 3050 1188 3133 adeunt,
1211 3073 1279 3116 ma·

309 3155 398 3217 xime
431 3151 648 3235 perspiciunt,
686 3171 738 3213 me
771 3149 835 3214 hoo
869 3173 976 3236 neque
1008 3162 1129 3234 rogatu
1167 3153 1279 3217 faeere

309 3255 517 3336 cuiusquam,
550 3270 658 3334 neque
689 3270 752 3333 quo
782 3247 844 3314 On.
866 3250 1001 3336 Pompei
1030 3253 1176 3333 gratiam
1198 3253 1278 3319 mihi

308 3378 367 3441 per
388 3353 477 3418 hano
501 3373 640 3417 oausam
656 3351 832 3417 conciliari
848 3363 970 3438 putem,
994 3377 1102 3441 neque
1117 3378 1181 3441 quo
1197 3357 1277 3421 mihi

309 3480 352 3521 ex
374 3455 570 3538 cuiusquam
594 3453 815 3538 amplitudine
838 3463 896 3518 aut
921 3457 1092 3540 praesidia
1120 3457 1277 3543 perieulis

276 3565 368 3628 aaut
391 3555 584 3620 adiumenta
607 3554 789 3619 honoribus
806 3577 975 3640 quaeram,
997 3569 1173 3644 propterea
1190 3560 1276 3644 quod

309 3655 459 3748 pericula
475 3656 585 3738 facile,
601 3666 638 3721 ut
654 3656 821 3721 hominem
836 3669 1011 3742 praestare
1028 3670 1168 3744 oportet,
1185 3663 1339 3918 inno-⁴

335 3780 418 3830 masto,
427 3775 453 3815 de
462 3770 514 3822 imp.
522 3771 560 3815 Cn.
569 3772 664 3824 Pompei.
1126 3780 1141 3827 3
