3150 4375
310 430 353 496 22
562 429 613 479 un
630 428 784 479 musmo
804 428 859 479 cu.
878 427 1024 479 romum

309 601 439 687 poscit?
461 601 580 686 Itaque
603 608 639 665 ut
661 599 758 685 plura
782 620 848 663 non
874 598 986 664 dicam
1007 620 1115 684 neque
1138 596 1281 663 aliorum

310 703 470 789 exemplis
487 705 689 785 confirmem,
712 712 874 788 quantum
897 704 1085 768 auctoritas
1107 700 1223 767 valeat
1245 701 1281 766 in

309 804 408 888 bello,
431 806 474 870 ab
498 806 615 871 eodem
637 803 698 870 On.
713 804 869 889 Pompeio
892 805 1038 871 omnium
1053 826 1165 871 rerum
1187 823 1281 887 egre·

310 908 439 989 giorum
468 907 621 993 exempla
649 915 839 990 sumantur3
873 910 930 992 qui
958 929 1023 993 quo
1053 906 1107 973 die
1134 927 1156 970 a
1183 904 1280 972 vobis

308 1010 474 1073 maritimo
507 1009 597 1074 bello
625 1010 837 1094 praepositus
872 1018 923 1073 est
951 1010 1148 1095 imperator,
1182 1017 1302 1074 tantas

307 1119 445 1196 repente
467 1109 583 1176 vilitas
605 1133 761 1176 annonae
783 1134 828 1176 ex
851 1134 979 1177 summa
1001 1114 1116 1198 inopia
1138 1120 1172 1180 et
1194 1111 1281 1175 cari·

308 1222 380 1279 tate
402 1214 452 1279 rei
473 1213 713 1280 frumentariae
735 1223 918 1280 consecuta
941 1224 992 1279 est
1014 1216 1113 1280 unius
1135 1212 1280 1279 hominis

309 1337 367 1401 spe
389 1336 431 1381 ac
454 1319 597 1399 nomine,
632 1326 793 1404 quantam
821 1318 881 1383 vix
910 1319 946 1382 in
969 1339 1096 1383 summa
1125 1316 1281 1382 ubertate

275 1438 466 1501 «aegrorum
489 1420 648 1484 diuturna
670 1442 740 1505 pax
763 1420 895 1485 efficere
917 1421 1092 1506 potuisset.
1129 1421 1201 1485 Iam
1224 1440 1281 1484 ac·

308 1530 406 1605 cepta
429 1522 465 1584 in
486 1521 593 1586 Ponto
616 1520 813 1585 calamitate
843 1543 886 1585 ex
909 1543 947 1585 eo
970 1520 1107 1606 proelio,
1143 1521 1184 1584 de
1214 1540 1316 1606 quoio

306 1644 366 1688 vos
389 1622 489 1708 paulo
512 1632 592 1688 ante
614 1624 740 1687 invitus
764 1621 934 1705 admonui,
968 1643 1044 1688 cum
1068 1624 1151 1688 socii
1177 1625 1280 1709 perti·

306 1725 478 1808 muissent,
502 1723 650 1789 hostium
672 1746 751 1810 opes
774 1727 944 1812 animique
966 1726 1163 1802 crevissent,
1194 1727 1280 1792 satis

306 1826 436 1892 firmum
458 1827 665 1913 praesidium
686 1828 864 1913 provincia
886 1849 953 1891 non
975 1825 1124 1907 haberet,
1148 1826 1279 1892 amisis·

307 1930 389 1993 estis
404 1928 533 2014 Asiam,
556 1930 717 2012 Quirites,
739 1930 805 1994 nisi
826 1929 994 2014 adipsum
1012 1928 1190 1994 discrimen
1207 1932 1278 1996 eius

306 2034 465 2117 temporis
489 2032 651 2097 divinitus
676 2030 736 2097 On.
758 2032 952 2117 Pompeium
974 2031 1020 2096 ad
1042 2052 1099 2097 eas
1122 2031 1277 2115 regiones
1287 2051 1313 2091 u

306 2132 440 2200 fortuna
462 2133 576 2222 populi
598 2135 740 2201 Romani
764 2133 946 2202 attulisset.
979 2134 1087 2200 Huius
1111 2134 1277 2201 adventus

307 2244 341 2301 et
362 2236 594 2304 Mithridatem
616 2238 753 2303 insolita
774 2238 1015 2302 inflammatum
1037 2239 1181 2302 victoria
1199 2259 1277 2304 con·

306 2339 408 2403 tinuit
430 2348 464 2404 et
479 2340 662 2422 Tigranem
676 2340 809 2422 magnis
826 2341 931 2424 copiis
947 2340 1158 2405 minitantem
1173 2339 1277 2405 Asiae

306 2440 504 2506 retardavit.
519 2440 566 2506 Et
581 2443 757 2527 quisquam
774 2440 954 2524 dubitabit,
970 2441 1051 2526 quid
1066 2443 1189 2508 virtute
1203 2464 1276 2528 per·

306 2544 455 2612 fecturus
479 2545 534 2628 sit,
559 2546 615 2630 qui
631 2552 763 2610 tantum
786 2545 990 2609 auctoritate
1004 2544 1193 2628 perfecerit,
1216 2556 1311 2614 autao

307 2670 406 2735 quam
427 2646 530 2712 facile
552 2648 690 2733 imperio
714 2654 816 2732 atque
840 2646 991 2710 exercitu
1014 2647 1122 2712 socios
1146 2656 1178 2713 et
1201 2670 1277 2714 veo·

306 2749 427 2835 tigulia
450 2759 711 2816 conservaturus
734 2750 790 2830 sit,
823 2749 880 2835 qui
902 2749 975 2834 ipso
997 2750 1130 2815 nomine
1159 2772 1200 2816 ac
1222 2774 1276 2819 ru·

305 2874 397 2920 more
421 2852 636 2918 defenderit?

270 2963 298 3012 ro
407 2953 482 3037 Age
504 2975 583 3019 vcro
606 2953 667 3018 illa
689 2977 742 3019 res
766 2962 928 3038 quantam
951 2952 1103 3020 declarat
1127 2956 1277 3023 eiusdem

273 3043 448 3122 ⁴⁶hominis
471 3056 562 3142 apud
588 3056 701 3122 hostes
731 3056 847 3142 populi
863 3058 1006 3123 Romani
1029 3059 1310 3136 auctoritatem,ao

306 3160 395 3247 quod
417 3182 460 3224 ex
476 3159 559 3225 locis
581 3168 652 3224 tam
674 3158 867 3246 longinquis
890 3168 1024 3245 tamque
1048 3159 1190 3226 diversis
1206 3170 1277 3226 tam

306 3261 399 3327 brevi
422 3269 570 3348 tempore
593 3284 707 3328 omnes
728 3262 806 3328 huic
823 3263 933 3327 scuni
950 3262 1164 3328 dediderunt!
1188 3262 1277 3347 quod

308 3362 517 3430 Cretensium
550 3363 667 3448 legati,
701 3386 777 3429 cum
809 3365 845 3428 in
879 3385 992 3428 eorum
1020 3362 1131 3428 insula
1160 3372 1276 3429 noster

308 3469 487 3553 imperator
511 3469 744 3552 exercitusque
768 3476 867 3548 esset,
890 3466 934 3531 ad
957 3464 1017 3529 On.
1033 3465 1226 3550 Pompeium
1240 3466 1276 3532 in

307 3568 442 3635 ultimas
465 3593 566 3656 prope
588 3579 698 3635 terras
720 3578 885 3635 venerunt
908 3569 1002 3652 eique
1018 3588 1054 3631 se
1070 3589 1182 3632 omnes
1197 3566 1309 3633 Ore-ao

308 3673 452 3737 tensium
486 3674 642 3739 civitates
673 3672 796 3738 dedere
823 3669 911 3736 velle
945 3668 1118 3736 dixerunt!
1163 3667 1276 3750 Quid?
